3062 3903
1354 214 1412 267 13

260 342 263 344 ’
324 353 564 408 defuerunt,
598 368 729 411 eaque
752 353 942 411 populun
971 352 1191 397 Ronlanue
1221 367 1308 396 non
1339 353 1474 396 solum
1498 354 1660 410 plausu
1696 354 1770 396 sed
1798 355 1927 396 etiam
1953 356 2113 410 qemitu
2143 369 2218 397 suo
2249 370 2435 412 compro-

326 431 462 484 bavit,
503 430 816 487 intelligimus,
858 444 988 485 quam
1029 444 1118 472 non
1158 429 1346 472 alienum
1385 430 1518 472 fuerit
1547 429 1740 472 Materni
1780 431 1977 473 oratione
2016 445 2115 472 cum
2148 430 2435 473 histrionibus

326 506 523 562 copulari
555 511 725 561 poetas.
778 504 842 548 Et
871 505 916 548 in
948 504 1017 548 his
1049 504 1226 560 quidem
1259 521 1347 548 una
1378 504 1530 547 addita
1561 520 1670 547 voce
1699 505 1879 562 defungi
1911 506 2093 548 licebat:
2126 506 2326 562 graviore
2359 506 2436 548 de-

324 582 443 624 fectu
465 581 667 624 laborant
687 581 831 624 verba'
846 596 960 635 quae
993 595 1030 623 0.
1057 583 1128 633 19,
1148 583 1168 623 1
1202 581 1246 623 in
1269 581 1379 637 Apri
1411 581 1607 623 oratione
1630 581 1674 622 in
1696 580 1812 622 hunc
1843 580 2020 623 modum
2043 581 2206 623 tradita
2227 582 2435 638 leguntur

444 672 548 700 nam
576 665 787 714 quatenus
822 658 1097 713 antiquorum
1127 657 1407 699 admiratores
1438 657 1548 698 hunc
1579 658 1695 698 velut
1724 659 1949 698 terminum
1979 659 2252 713 antiquitatis
2282 659 2435 699 concti-

447 742 558 775 tuere
588 733 722 774 solent
749 733 828 788 qui
857 747 989 788 usque
1019 732 1080 773 ad
1115 732 1310 774 Caesium
1340 747 1463 788 quem
1493 747 1611 774 reum
1634 731 1813 785 faciunt
1840 747 1963 788 quem
1987 734 2179 788 primum
2211 733 2435 785 affirmant

432 809 601 865 flavisse
620 808 674 850 ab
698 809 781 850 ista
802 815 931 849 vetere
954 815 1081 864 atque
1102 808 1259 849 directa
1281 808 1451 850 dicendi
1476 810 1545 850 via
1575 822 1661 850 non
1690 807 1937 862 infirmitate
1967 809 2130 865 inqenii
2159 824 2231 850 nec
2262 809 2432 850 inscitia

441 886 679 927 litterarum
712 884 974 926 transtulisse
1004 898 1046 925 se
1076 883 1138 925 ad
1166 884 1280 926 illud
1309 883 1480 926 dicendi
1493 899 1629 941 yenue
1651 884 1851 927 contendo
1872 884 1945 926 sed
1966 884 2121 927 iudicio
2143 892 2185 926 et
2205 885 2429 926 intellectu.

322 960 440 1004 Nam
480 959 601 1017 quod
642 975 695 1003 ea
734 959 1007 1016 superiorum
1046 959 1296 1002 criticorum
1335 960 1523 1017 vestigia
1561 967 1818 1018 persecutus
1857 960 2093 1003 novissime
2125 960 2313 1003 Adolfus
2345 960 2433 1002 Mi-

324 1036 489 1080 chaelis
529 1035 719 1093 demptis
759 1035 958 1092 pluribus
998 1035 1144 1078 verbis
1185 1035 1230 1077 in
1271 1035 1384 1078 hanc
1421 1036 1605 1079 formam
1646 1036 1816 1093 redegit
1854 1051 1941 1092 qua
1970 1036 2055 1078 iam
2088 1036 2133 1079 in
2165 1035 2431 1079 editionibus

322 1114 524 1156 feruntur
553 1120 763 1170 quatenus
801 1113 1076 1168 antiquorum
1113 1113 1394 1154 admiratores
1436 1113 1546 1155 hunc
1575 1113 1690 1155 velut
1720 1113 1945 1154 terminum
1974 1113 2246 1169 antiquitatis
2276 1114 2431 1154 comti-

322 1196 435 1232 tuere
464 1190 617 1232 solent.-
653 1188 847 1232 Cassium
878 1186 1089 1240 Severum,
1122 1202 1243 1244 quem
1267 1188 1458 1244 primam
1489 1187 1715 1242 affirmant
1732 1189 1902 1244 flea-isse
1932 1194 2032 1241 cet,
2063 1187 2189 1230 facile
2221 1188 2431 1244 largimur

319 1264 593 1321 probabilem
635 1279 687 1306 ea
724 1263 943 1319 scriptura
981 1262 1240 1305 sententiam
1281 1263 1423 1316 nasci,
1461 1263 1539 1306 sed
1569 1270 1717 1306 tamen
1750 1262 1930 1306 eandem
1964 1264 2134 1320 quoties
2168 1263 2221 1306 ad
2254 1278 2429 1319 respec-

319 1348 412 1383 tum
435 1341 670 1382 memoriae
692 1339 918 1381 referimus
941 1353 1204 1394 causamque
1227 1338 1624 1382 additamentorum
1646 1339 1806 1395 quibus
1824 1339 1966 1381 Taciti
1990 1340 2233 1382 orationem
2256 1346 2428 1382 auctam

319 1431 416 1460 esse
449 1417 603 1459 statuit
634 1415 913 1471 inquirimus,
948 1415 1077 1457 etiam
1110 1421 1241 1470 atque
1274 1415 1403 1458 etiam
1437 1431 1660 1469 veremur,
1702 1432 1757 1458 ne
1789 1415 1844 1458 de
1876 1422 2033 1458 nat-ura
2065 1431 2116 1458 ac
2144 1415 2253 1458 sede
2286 1416 2426 1458 morbi

318 1493 531 1548 deceptus
569 1506 743 1533 manum
787 1491 1029 1532 admoverit
1069 1491 1132 1532 eis
1170 1506 1284 1545 quae
1325 1506 1431 1533 sana
1473 1498 1597 1545 sunt,
1640 1507 1752 1546 quae
1792 1507 1896 1533 vero
1940 1492 2142 1534 laborant
2179 1507 2231 1533 ea
2262 1492 2427 1533 intacta

318 1569 555 1624 reliquerit.
620 1566 764 1621 Quam
806 1567 920 1608 enim
962 1566 1047 1608 1100
1089 1566 1299 1609 credibile
1339 1567 1561 1621 ducimus,
1602 1567 1801 1610 Severum
1833 1582 1990 1609 nomen
2025 1568 2185 1610 abiisse
2218 1568 2261 1609 in
2295 1568 2427 1610 verba

317 1660 430 1700 quae
463 1650 566 1687 sunt
593 1658 713 1700 quem
744 1658 875 1694 reum,
910 1650 985 1684 aut
1015 1658 1103 1697 qua
1123 1642 1211 1685 fide
1233 1642 1348 1684 hanc
1381 1644 1687 1685 sententiolam
1719 1659 1840 1700 quem
1872 1659 1989 1685 reum
2010 1646 2187 1703 jaeiunt
2219 1644 2426 1685 abiicien-

317 1720 418 1763 dam
450 1720 725 1772 arbitramur,
758 1733 845 1773 qua
875 1718 983 1760 nihil
1015 1719 1161 1775 potuit
1193 1725 1270 1760 aut
1302 1719 1357 1761 ad
1390 1720 1502 1761 hanc
1532 1735 1622 1763 rem
1656 1735 1786 1775 quam
1818 1721 1910 1776 agit
1944 1722 2065 1776 Aper
2097 1720 2318 1762 efficacius
2351 1726 2427 1761 aut

318 1797 448 1838 huius
487 1796 680 1838 sermoni
721 1794 884 1850 dialogi
931 1795 1263 1837 convenientius
1302 1795 1555 1852 excogitari.
1618 1795 1795 1837 Etenim
1821 1803 1881 1836 -et
1918 1810 2037 1836 reum
2077 1796 2242 1836 faciunt
2284 1795 2425 1836 iudice

316 1874 441 1929 Apro
483 1871 756 1927 antiquitatis
799 1870 1084 1913 admiratores
1126 1870 1243 1913 hunc
1275 1869 1477 1914 Cassium
1511 1870 1721 1914 Severum
1766 1878 1808 1913 et
1849 1886 1927 1913 cur
1958 1886 2077 1913 reum
2110 1872 2273 1913 faciant
2303 1871 2426 1913 addit

315 1963 507 2001 causam,
539 1946 747 2004 quodque
779 1946 889 1988 haec
920 1944 1122 1996 ἄσύιὸετος
1155 1947 1296 1988 oratio
1328 1962 1449 2003 quem
1480 1962 1597 1989 reum
1619 1947 1809 2000 faciunt,
1832 1962 1954 2003 quem
1978 1949 2172 2003 primum
2203 1946 2428 1999 affirmant

305 2025 471 2082 fleaisse
501 2023 555 2065 ab
585 2025 667 2065 ista
701 2031 827 2065 ‘vetere
858 2023 1028 2064 dicendi
1062 2013 1129 2063 vib
1164 2022 1287 2077 paria
1318 2022 1496 2079 paribus
1537 2023 1785 2066 accumulat
1827 2030 1871 2065 et
1909 2023 1964 2065 ad
2004 2023 2188 2065 clariora
2225 2039 2251 2065 a
2282 2024 2425 2065 minus

317 2100 509 2144 definitis
551 2098 852 2157 progreditur,
895 2098 1174 2156 agnoscimus
1216 2098 1510 2155 eloquentiam
1542 2099 1676 2156 Apri,
1716 2099 1785 2142 cui
1825 2114 1878 2141 ne
1919 2098 2027 2142 haec
2068 2099 2240 2155 quidem
2273 2099 2426 2156 displi-

314 2183 497 2220 cuerunt
527 2175 581 2218 de
616 2175 758 2231 capite
795 2176 864 2227 16,
890 2175 943 2216 17
977 2175 1049 2216 Ιιοε
1075 2176 1267 2230 primum
1298 2176 1573 2231 interv·oqabo,
1606 2190 1711 2232 quos
1741 2177 1889 2217 vocetis
1919 2177 2133 2232 antiquos,
2166 2190 2296 2231 qaam
2326 2191 2424 2217 ora-

316 2262 451 2296 torum
482 2259 658 2309 aetatem
697 2249 1002 2308 mynil'icatvione
1043 2252 1124 2292 ista
1165 2251 1461 2304 determinetis,
1502 2265 1582 2293 nec
1622 2252 1714 2294 fere
1757 2251 2027 2293 dissimiliter
2057 2251 2248 2294 Materni
2282 2251 2422 2293 oratio

314 2344 351 2372 0.
375 2331 449 2382 40,
471 2329 526 2370 ‘22
560 2329 688 2370 donee
719 2328 896 2379 erravit,
939 2327 1067 2368 donec
1110 2340 1152 2367 se
1185 2327 1384 2382 partibas
1423 2325 1615 2379 confecit,
1660 2328 1788 2369 donec
1829 2327 1951 2368 nulla
1984 2327 2079 2378 suit
2116 2329 2162 2368 in
2191 2327 2291 2380 soro
2318 2344 2424 2384 pax,

311 2406 434 2446 nulla
469 2409 550 2445 cet.
583 2403 745 2458 triplici
778 2401 917 2458 gradu
951 2415 1029 2456 per
1059 2401 1204 2442 soluta
1236 2402 1430 2444 membra
1463 2401 1516 2443 ad
1549 2401 1761 2458 ampliora
1793 2408 1836 2443 et
1858 2402 1996 2458 magis
2030 2416 2239 2458 expressa
2271 2416 2422 2444 asceu-

313 2481 390 2522 dit.
446 2479 752 2538 Quodsiyere
785 2478 895 2519 haec
926 2477 1061 2518 verba
1090 2492 1211 2533 quem
1243 2493 1360 2519 reum
1381 2478 1557 2532 faciunt
1587 2493 1613 2518 a
1637 2478 1887 2534 suspicione
1908 2477 2005 2519 falsi
2028 2477 2313 2530 vindicamus,
2337 2479 2420 2519 iam

311 2571 450 2614 paene
491 2555 767 2598 manifestum
800 2560 888 2607 est,
929 2552 1037 2594 1111111
1078 2553 1207 2595 alieni
1248 2554 1292 2595 in
1326 2554 1442 2596 hunc
1474 2554 1617 2595 locum
1657 2554 1826 2596 illatum
1867 2554 1945 2596 sed
1986 2554 2117 2610 culpa
2147 2554 2419 2597 librariorum

310 2633 432 2675 hiare
474 2632 735 2683 orationem,
778 2632 822 2672 in
870 2646 957 2686 qua
1000 2631 1185 2686 primum
1226 2631 1402 2686 plenum
1446 2631 1583 2672 Cassii
1613 2631 1756 2672 Severi
1793 2645 1949 2672 nomen
1991 2630 2266 2673 desideratur
2303 2631 2421 2686 quod

312 2708 488 2766 plenum
520 2708 697 2764 ponitur
728 2707 771 2748 in
798 2706 1091 2763 *responsione
1115 2706 1351 2749 Messallae
1384 2723 1421 2749 0.
1452 2708 1520 2759 26,
1548 2707 1622 2760 17,
1655 2705 1961 2750 desiderantur
1991 2721 2123 2764 porro
2156 2706 2316 2764 quibus
2348 2706 2421 2749 1118

310 2800 427 2828 1111110
457 2784 697 2841 pendentia
728 2784 862 2826 verba
893 2786 970 2840 qui
1000 2798 1131 2841 usque
1160 2785 1221 2825 ad
1255 2783 1447 2827 Cassium
1478 2784 1521 2824 in
1554 2783 1774 2841 integrum
1807 2784 2077 2825 enuntiatum
2111 2784 2419 2841 suppleantur3

309 2877 420 2918 quae
463 2861 596 2904 verba
635 2861 709 2916 qui
749 2860 804 2902 ad
847 2862 1070 2902 terminum
1101 2860 1250 2902 referri
1289 2866 1553 2917 putaverunt
1589 2861 1632 2901 in
1673 2860 1814 2915 iisque
1848 2861 2135 2903 certissimum
2167 2860 2438 2919 interpretis·

310 2936 519 2979 indicium
559 2951 798 2994 agnoscere
831 2936 914 2978 sibi
950 2936 1031 2978 visi
1064 2942 1182 2988 sunt,
1212 2936 1344 2992 longe
1377 2951 1403 2977 a
1433 2926 1535 2977 vera
1565 2935 1733 2978 ratione
1766 2935 2030 2979 deerrarunt.
2095 2935 2209 2978 Nam
2241 2943 2289 2977 ut
2322 2935 2420 2977 bre-

307 3014 420 3055 viter
452 3012 793 3069 complectamur
816 3027 926 3066 quae
960 3012 1188 3064 sentimus,
1219 3011 1333 3053 hanc
1365 3025 1593 3053 censemus
1628 3011 1758 3054 huius
1781 3012 1991 3054 orationis
2023 3012 2251 3068 pristinam
2283 3013 2418 3053 fuisse

306 3088 713 3131 conformationem.

428 3178 530 3205 nam
561 3170 770 3220 quatenus
801 3164 1077 3220 antiquorum
1105 3163 1383 3204 admiratores
1414 3162 1525 3203 hunc
1556 3162 1671 3203 velut
1701 3163 1922 3204 terminum
1958 3164 2230 3218 antiquitatis
2263 3164 2415 3204 comti-

427 3246 538 3281 tuere
559 3240 702 3292 solent,
725 3241 803 3296 qui
823 3254 952 3297 usque
972 3239 1033 3280 ad
1057 3238 1249 3281 Caesium
1282 3237 1513 3295 [Severum
1538 3238 1833 3294 eloquentiam
1867 3238 2039 3293 aequali
2072 3245 2115 3281 et
2145 3253 2233 3281 uno
2265 3246 2415 3281 tenore
