3062 3903
1352 187 1408 233 11

276 343 278 345 >
323 332 444 363 mus:
486 332 573 374 quo
615 318 759 375 posito
800 318 968 375 reliqua
1003 318 1121 363 facili
1162 335 1297 377 opera
1334 319 1391 363 ad
1431 335 1580 363 sanam
1624 320 1883 364 sententiam
1923 328 2158 379 aptamque
2191 322 2431 365 orationem

325 401 601 438 revocantur.
665 394 742 439 Sic
773 395 888 438 enim
921 395 1150 452 scripsisse
1182 395 1383 439 Tacitum
1420 397 1669 453 opinamur:

449 470 569 513 Unde
599 473 737 514 oritur
774 473 854 514 illa
875 471 1006 526 foeda
1037 480 1078 514 et
1105 481 1382 530 praepoetera
1411 474 1485 515 sed
1516 481 1653 515 tamen
1673 473 1890 531 frequens,
1923 475 1981 516 sic
2014 482 2064 515 at
2091 475 2235 529 quiuis
2265 476 2428 528 clamet,

440 548 703 597 exclamatio,
733 555 781 589 ut
810 556 994 590 oratores
1025 550 1162 590 nostri
1191 556 1325 591 tenere
1355 550 1502 601 dicere,
1535 550 1755 592 histriones
1786 551 1936 592 diserte
1967 551 2126 592 saltare
2156 534 2370 592 dicantar.

321 621 540 666 Nimirum
561 622 844 677 frequentiam
866 622 1021 666 foedae
1046 622 1165 666 illius
1187 623 1515 667 exclamationis
1548 624 1697 667 extolli
1729 624 1880 677 voluit,
1902 623 2129 668 commode
2152 632 2197 668 et
2217 627 2427 668 orationis

319 697 458 740 forma
489 704 666 754 sumpta
696 699 751 741 ab
785 713 852 751 eo,
884 714 1015 753 quem
1035 699 1169 741 toties
1189 699 1396 752 imitatur,
1419 697 1647 753 Cicerone,
1679 701 1755 755 qui
1786 701 1849 742 ita
1879 702 2032 743 scribit
2053 701 2108 743 de
2139 702 2213 744 fin.
2241 705 2280 754 l,
2303 703 2344 754 4,
2371 704 2422 743 11

321 774 399 830 qui
426 781 567 818 autem
596 774 687 817 alia
718 774 889 817 malunt
918 774 1045 818 scribi
1074 791 1102 817 a
1131 775 1262 828 nobie,
1287 777 1413 832 aequi
1440 791 1522 818 eece
1553 775 1712 828 debent,
1744 777 1859 832 qaod
1887 784 1927 819 et
1955 779 2114 832 scripta
2144 779 2280 819 niulta
2312 786 2424 829 eunt,

320 849 380 892 eie
410 856 458 892 ut
479 849 614 907 plura
646 851 806 893 nemini
844 865 865 893 e
895 851 1063 904 nostrie,
1102 858 1143 894 et
1177 850 1410 895 scribentur
1437 849 1623 904 fortasse
1653 851 1812 907 plara:
1853 867 1933 907 pro
1965 851 2112 895 Plane.
2138 853 2178 905 8,
2203 854 2256 895 21
2301 854 2426 895 huius

314 923 585 982 praefectura
615 926 740 982 plena
772 927 959 970 virormn
979 924 1324 980 fortissimorum,
1355 927 1415 970 sic
1446 934 1494 970 ut
1523 927 1647 971 nulla
1674 933 1758 970 tota
1779 925 1911 970 Italia
1923 925 2189 984 frequentior
2220 928 2307 971 dici
2327 944 2427 985 poe-

321 1002 397 1052 8it3
429 999 485 1044 ad
518 1001 610 1044 Att.
635 1001 806 1054 1‚16‚3
837 1002 1044 1045 iudicium
1065 1002 1105 1044 ei
1123 1003 1292 1058 quaeris
1312 1002 1439 1061 quale
1449 1000 1599 1056 fuerit,
1631 1001 1868 1045 incredibili
1896 1003 2023 1056 eoeitu,
2046 1005 2104 1046 eie
2136 1005 2202 1045 uti
2230 1019 2346 1046 nunc
2377 1020 2427 1047 ea:

324 1083 469 1119 eventu
492 1108 500 1118 .
527 1108 537 1118 .
569 1077 913 1134 rmehendatur,
936 1076 990 1121 de
1014 1077 1173 1133 quibus
1194 1077 1339 1121 verbis
1361 1077 1624 1134 interpretes
1645 1076 1822 1134 quidam
1855 1077 1967 1121 male
1999 1077 2213 1130 iudi‹:ant;
2245 1093 2327 1122 nec
2360 1094 2427 1123 se-

326 1164 404 1194 cus
435 1150 588 1209 Nepos
620 1152 663 1194 in
695 1152 1000 1209 Epaminonda
1022 1153 1070 1206 2,
1101 1155 1138 1195 1.
1213 1151 1386 1207 Quodsi
1416 1153 1477 1196 ita
1508 1154 1645 1197 verba
1674 1153 1817 1196 Taciti
1860 1158 1979 1197 recte
2010 1154 2318 1206 tractavimus,
2350 1170 2427 1211 ap-

319 1233 447 1284 paret
486 1222 713 1285 archetypi
753 1228 1010 1286 scripturam
1049 1229 1155 1272 claet
1192 1228 1348 1272 litteris
1387 1228 1499 1272 forte
1539 1227 1731 1273 diductis
1771 1243 1869 1273 cum
1907 1229 2095 1273 librariis
2135 1229 2299 1288 dialogi
2330 1242 2422 1273 tum

319 1309 496 1347 nostrae
527 1305 684 1348 aetatis
717 1303 859 1349 doctis
891 1305 1140 1349 hominibus
1171 1304 1369 1348 fraudem
1389 1305 1567 1358 fecisse3
1600 1311 1646 1349 et
1665 1304 1785 1362 quod
1810 1305 1913 1349 alibi
1940 1305 2140 1362 exemplo
2163 1307 2423 1349 monstravi-

321 1395 435 1433 mus,
468 1380 773 1437 compendium
804 1381 1046 1437 scripturae
1077 1380 1313 1423 admodum
1344 1381 1523 1438 vulgare
1555 1396 1748 1438 prave·a
1777 1381 1965 1425 librariis
1997 1388 2224 1438 acceptum
2256 1397 2424 1426 errores

321 1455 365 1497 in
398 1455 482 1498 hoc
514 1456 662 1499 libello
694 1458 925 1510 creavisse,
957 1457 1096 1499 simile
1129 1458 1243 1499 etin
1264 1457 1380 1499 hunc
1401 1458 1544 1500 locum
1565 1456 1685 1500 cadit
1705 1463 1749 1500 et
1769 1458 1955 1501 fortasse
1988 1458 2032 1499 in
2064 1472 2116 1500 ea
2147 1458 2280 1501 verba
2311 1473 2423 1513 quae

321 1545 357 1572 c.
383 1533 453 1585 22,
475 1534 529 1574 15
561 1539 735 1575 extant:
1354 1525 1356 1528 ⁵

439 1624 540 1649 nam
565 1611 731 1663 priores
761 1611 851 1650 eiua
883 1607 1154 1664 (Ciceronis)
1187 1611 1396 1650 orationes
1427 1624 1510 1650 non
1541 1617 1690 1651 carent
1716 1611 1830 1650 vitiis
1860 1611 2150 1665 antiquitatis:
2192 1610 2326 1651 lentus
2363 1617 2423 1651 eet

437 1685 483 1724 in
507 1685 751 1740 principiis,
785 1685 932 1740 Iovique
962 1685 1009 1724 in
1040 1685 1373 1737 narrationibus,
1404 1687 1557 1726 otiosus
1586 1686 1701 1726 circa
1732 1698 1942 1735 macereas,-
1983 1686 2102 1725 tarde
2132 1691 2420 1736 commovetur,

439 1773 538 1800 raro
568 1760 803 1809 incalescit5
829 1761 965 1816 pauci
993 1775 1136 1801 senene
1165 1767 1275 1816 optet
1303 1775 1400 1802 cum
1430 1761 1612 1817 quodam
1645 1761 1802 1802 lumine
1832 1762 2127 1802 terminantur.

320 1832 421 1876 Hoc
453 1835 583 1888 enim,
614 1843 743 1891 optet,
778 1834 897 1891 quod
928 1835 1071 1891 ipsum
1103 1835 1238 1878 habet
1269 1835 1409 1878 codex
1440 1835 1759 1888 Farnesianus,
1793 1836 2036 1892 scripturae
2069 1834 2364 1891 discrepantia
2395 1851 2420 1877 a

320 1910 540 1954 Michaele
572 1912 771 1967 exposita
803 1911 958 1964 docet,
1000 1911 1043 1953 in
1079 1912 1297 1970 communi
1329 1912 1520 1953 omnium
1560 1912 1798 1968 exemplari
1840 1918 2063 1953 exaratum
2100 1911 2257 1964 fuisse,
2296 1912 2420 1953 cuius

322 1986 564 2042 scripturae
595 1987 682 2029 vim
716 2002 813 2029 cum
845 2002 933 2029 non
964 1988 1263 2044 perspicerent
1293 1987 1471 2041 librarii,
1503 1993 1578 2028 aut
1607 1995 1692 2044 opt.
1725 1995 1765 2028 et
1795 1994 1872 2029 aut
1901 1994 1983 2044 opt.
2140 1995 2181 2028 et
2218 2001 2317 2028 cum
2348 1986 2421 2028 de·

320 2063 463 2106 fectus
494 2063 656 2106 indicio
699 2063 948 2106 effecerunt.
1011 2065 1149 2120 Atqui
1189 2065 1309 2107 illam
1348 2065 1607 2120 scripturam
1649 2078 1780 2119 quam
1816 2064 2081 2120 primitivam
2121 2063 2346 2116 ducimus,
2386 2063 2421 2106 si

322 2140 420 2196 quis
453 2155 505 2182 ex
536 2148 635 2197 apte
664 2148 704 2182 et
734 2140 789 2182 de
820 2139 1012 2182 Acidalii
1044 2141 1296 2183 coniectura
1327 2147 1464 2183 ortam
1496 2145 1680 2192 statuet,
1722 2139 1926 2198 redargui
1967 2155 2055 2182 non
2087 2140 2271 2196 poterit:
2315 2139 2421 2182 satis

320 2216 425 2258 facit
457 2200 570 2258 enini
603 2216 689 2258 hoc
721 2217 986 2269 sententiae,
1026 2216 1112 2259 nisi
1153 2216 1272 2271 quod
1312 2216 1366 2258 de
1399 2216 1520 2258 hiatu
1552 2215 1762 2258 orationis
1792 2222 1974 2272 propter
2004 2215 2079 2257 illa
2108 2214 2270 2256 indicia
2301 2215 2422 2270 cogi-

319 2290 403 2332 tari
434 2306 523 2333 non
554 2290 716 2334 debuit.
782 2289 874 2333 Sed
905 2291 988 2334 nisi
1020 2291 1164 2334 fallaci
1203 2292 1348 2348 specie
1379 2290 1645 2345 inducimur,
1684 2290 1804 2333 aliud
1835 2291 1942 2333 latet
1982 2298 2026 2332 et
2065 2291 2104 2332 is
2143 2290 2218 2346 qui
2256 2290 2422 2346 primus

319 2373 429 2422 optet
458 2367 606 2420 posuit
635 2375 792 2422 oportet
822 2367 1008 2423 intelligi
1041 2367 1199 2419 voluit,
1241 2367 1362 2422 quod
1400 2367 1581 2408 verbum
1614 2366 1768 2408 eodem
1800 2366 1931 2407 modo
1963 2367 2176 2422 scriptum
2217 2371 2337 2407 extat
2376 2366 2421 2406 in

322 2439 474 2482 codice
496 2440 744 2483 Nazariano
768 2440 963 2484 Senecae
995 2441 1050 2484 de
1077 2441 1301 2484 beneficiis
1332 2456 1374 2497 p.
1402 2443 1470 2494 16,
1492 2442 1543 2483 15
1569 2439 1626 2484 G.
1659 2442 1795 2484 multa
1827 2448 1928 2483 eunt
1957 2448 2098 2483 autem
2127 2454 2237 2497 quae
2267 2447 2425 2497 oportet

323 2517 548 2573 (queoptqss)
581 2519 768 2573 accipere
800 2532 874 2560 nec
904 2518 1058 2569 debere,
1090 2518 1166 2561 ubi
1197 2532 1285 2560 non
1317 2523 1412 2560 erat
1441 2516 1559 2572 quod
1592 2515 1803 2560 Gertzius
1834 2517 1919 2560 alia
1949 2514 2237 2564 coniectando
2269 2515 2421 2571 anqui-

320 2599 449 2636 reret.
502 2593 567 2635 At
586 2601 745 2649 oportet
765 2594 802 2636 si
828 2609 977 2636 verum
1000 2600 1079 2646 est,
1104 2595 1402 2650 consequitur,
1423 2601 1471 2636 ut
1491 2593 1599 2636 haec
1630 2608 1788 2636 manca
1819 2593 1876 2636 sit
1906 2592 2062 2646 oratio,
2083 2592 2273 2648 licetque
2305 2591 2423 2633 haud

321 2683 506 2724 operose
537 2668 712 2725 explere
743 2669 788 2711 in
820 2668 938 2712 hunc
970 2668 1145 2712 modum
1169 2671 1306 2726 pauci
1342 2684 1486 2712 aeneae
1526 2675 1629 2724 apte
1671 2674 1716 2711 et
1751 2675 1802 2711 ut
1831 2676 1991 2725 oportet
2018 2683 2115 2710 cum
2144 2668 2328 2724 quodam
2358 2668 2423 2709 lu·

320 2745 433 2786 maine
465 2746 760 2797 terminantur,
783 2752 964 2801 perapte
986 2746 1024 2788 si
1045 2745 1151 2802 quid
1173 2746 1383 2789 sentimus
1406 2745 1462 2788 ad
1485 2745 1745 2788 sententiam
1767 2750 1812 2786 et
1833 2758 1985 2788 rursus
2008 2743 2065 2786 ad
2087 2743 2314 2787 Ciceronis
2348 2759 2422 2786 ex·

323 2820 528 2876 emplum,
560 2821 684 2864 cuius
717 2821 828 2864 haec
858 2822 994 2866 verba
1025 2827 1129 2865 sunt
1150 2821 1205 2864 de
1226 2822 1400 2879 legibus
1427 2824 1465 2874 1,
1488 2821 1529 2874 6,
1553 2821 1607 2863 18
1640 2821 1741 2863 Alte
1769 2835 1863 2862 vero
1894 2827 1936 2862 et
1963 2828 2013 2862 at
2041 2827 2202 2876 oportet
2229 2836 2257 2862 a
2288 2821 2423 2876 capite

320 2898 471 2953 repetis
500 2897 615 2953 quod
645 2898 902 2953 quaerimus.
956 2895 1098 2940 Simili
1128 2897 1296 2940 ratione
1327 2896 1413 2940 nisi
1439 2895 1630 2939 fallimur
1659 2894 2014 2953 interpretandae
2045 2901 2148 2938 sunt
2180 2895 2422 2951 scripturae

323 2987 434 3027 quae
466 2971 523 3015 ad
555 2986 592 3015 c.
620 2973 687 3024 12,
715 2973 765 3014 17
801 2971 1060 3026 afferuntur,
1103 2972 1178 3015 ubi
1218 2973 1364 3014 omnia
1400 2972 1612 3014 librorum
1642 2971 1806 3014 indicia
1836 2986 1888 3013 eo
1920 2970 2080 3012 ducere
2112 2969 2337 3024 videntur,
2376 2977 2424 3011 ut

320 3061 414 3089 mor
443 3048 654 3103 scriptum
685 3048 821 3090 fuisse
846 3062 927 3104 pro
957 3050 1096 3090 maior
1124 3048 1169 3090 'in
1202 3047 1440 3103 archetypo
1472 3046 1690 3100 credatur,
1721 3061 1796 3089 nec
1826 3047 1927 3089 ullis
1956 3053 2036 3088 aut
2054 3046 2196 3102 ylario
2227 3060 2319 3087 mor
2347 3052 2427 3086 aut

321 3125 542 3179 anqustior
570 3124 722 3174 honor3
755 3123 874 3178 quod
906 3124 1009 3178 quia
1040 3123 1162 3165 nihili
1195 3129 1288 3165 erat
1295 3154 1307 3174 ,
1348 3122 1512 3166 librarii
1551 3128 1628 3165 aut
1657 3137 1749 3165 mor
1777 3127 1978 3164 tenentes
2011 3127 2087 3163 aut
2117 3136 2230 3163 more
2260 3127 2309 3163 ut
2339 3136 2426 3163 vox

322 3197 475 3242 saltem
507 3198 643 3242 latina
675 3205 792 3243 esset
812 3205 1073 3255 reponentes
1095 3198 1294 3242 defectus
1316 3204 1463 3241 notam
1495 3196 1771 3250 addiderunt,
1804 3211 1903 3240 cum
1935 3196 2092 3249 oratio,
2124 3195 2255 3239 modo
2288 3197 2425 3239 maior

2098 3273 2154 3321 2,
