3062 3903
1555 159 1678 231 14'

645 299 917 373 processisse
956 322 1172 369 statuunt,
1212 316 1452 373 Cassium],
1491 333 1613 374 quem
1650 332 1768 358 reum
1796 316 1987 370 faciunt,
2027 331 2151 374 quem
2182 319 2377 374 primum
2418 318 2644 372 affirmant

637 395 808 450 flexisse
838 394 892 436 ab
922 395 1005 436 ista
1037 401 1166 435 vetere
1195 401 1323 449 atque
1354 394 1513 435 directa
1545 394 1715 435 dicendi
1743 395 1834 445 via,
1876 407 1962 434 uon
2000 393 2249 445 infirmiwte
2277 395 2443 450 inqem‘i
2469 409 2544 437 nee
2572 397 2641 438 iw-

646 472 769 512 ecitia
802 471 1040 512 litterarum
1073 470 1337 511 transtulisse
1375 484 1415 511 ee
1453 471 1515 510 ad
1553 471 1668 511 illud
1706 470 1878 512 dicendi
1908 484 2043 525 yemce
2080 470 2281 512 contendo
2312 470 2386 512 aed
2413 471 2572 514 iudicio
2603 480 2645 514 et

648 547 875 589 intellectu.

528 622 582 666 In
615 622 775 677 quibus
807 621 955 674 verba,
988 636 1102 676 quae
1134 619 1383 665 addidimus
1415 622 1562 665 colore
1588 622 1721 664 ducto
1745 637 1771 664 a
1791 619 1978 674 Seneca,
2010 607 2213 663 nimirum
2244 637 2333 664 non
2355 629 2643 678 praestamus,

531 698 750 742 sententia
782 713 903 751 vero,
936 712 1066 753 quam
1107 696 1312 740 addendo
1358 696 1603 751 effecimus,
1653 713 1707 740 ex
1746 698 1843 754 ipsa
1873 697 1984 754 Apri
2022 697 2399 754 argumentatione
2438 705 2644 756 prompta

529 780 609 827 est,
643 789 731 830 qua
761 774 799 817 is
832 789 868 816 c.
900 775 953 816 18
987 773 1337 816 adversariorum
1370 773 1620 829 opinionem
1654 773 1899 817 convellere
1923 772 2107 827 studuit,
2130 773 2257 829 quasi
2287 773 2537 830 eloquentia
2567 790 2644 818 an-

531 852 679 906 tiqua,
713 864 843 906 quam
876 850 939 892 illi
971 855 1154 902 vocant,
1194 850 1358 892 nullam
1396 850 1493 905 ipsa
1523 850 1810 893 mutationem
1842 864 1973 905 passa
2003 864 2091 892 una
2120 848 2438 905 et.aequabilis
2470 865 2644 907 semper

529 927 665 968 fuerit
696 926 753 968 ob
787 940 970 980 eamque
1003 939 1182 968 causam
1221 931 1340 967 certo
1373 924 1564 979 quodam
1604 940 1656 968 ac
1695 925 1877 968 definito
1916 925 2102 967 termino
2141 925 2196 967 ab
2236 925 2452 968 inferioris
2484 927 2641 970 aetatis

531 1007 624 1044 arte
656 1000 850 1044 oratoria
881 1000 1232 1056 intersaepiatur.
1296 999 1412 1042 Illud
1452 999 1654 1044 addimus
1685 1016 1764 1058 per
1795 1000 1910 1043 hanc
1941 1015 2029 1056 qua
2065 1001 2133 1044 usi
2167 1015 2317 1045 sumus
2348 1001 2643 1058 supplementi

530 1078 747 1120 rationem
778 1092 833 1119 ne
866 1092 1045 1120 causam
1077 1076 1253 1132 quidem
1286 1084 1330 1119 et
1362 1076 1575 1133 originem
1607 1076 1803 1120 defectus
1836 1092 1932 1120 esse
1965 1076 2212 1129 obscuram,
2246 1078 2283 1120 si
2316 1077 2492 1132 quidem
2523 1084 2643 1121 recte

532 1154 629 1210 ipsa
661 1152 874 1196 suadente
908 1159 952 1195 et
984 1167 1124 1208 paene
1156 1159 1365 1208 poscente
1398 1153 1611 1195 orationis
1643 1152 1782 1195 forma
1817 1152 1957 1196 Cassii
1985 1167 2143 1195 nomen
2176 1152 2244 1196 bis
2275 1153 2515 1209 posuimus.
2569 1154 2644 1197 In·

531 1229 836 1284 terpolationis
880 1234 1029 1271 autem
1070 1229 1260 1285 vestigia
1299 1229 1334 1270 si
1376 1234 1521 1270 tamen
1561 1228 1708 1284 aliqua
1746 1234 1849 1271 sunt
1886 1242 2104 1284 perpauca
2146 1242 2243 1270 esse
2275 1228 2319 1270 in
2351 1229 2436 1272 hoc
2466 1230 2642 1287 dialogo

531 1304 662 1347 nobis
694 1305 1016 1360 persuasimus,
1059 1310 1105 1345 et
1136 1304 1362 1347 irascimur
1394 1304 1500 1345 viris
1538 1303 1828 1357 doctissimis,
1870 1304 1945 1359 qui
1984 1303 2106 1345 velut
2145 1304 2189 1345 in
2221 1303 2413 1348 Materni
2444 1306 2644 1349 oratione

532 1396 569 1422 c.
597 1381 668 1432 13,
688 1382 743 1421 10
777 1388 893 1421 testes
915 1382 1102 1436 Auyusti
1119 1382 1326 1436 epistolae,
1352 1382 1462 1421 testis
1486 1382 1573 1436 ipse
1587 1382 1788 1436 populus,
1810 1381 1888 1435 qui
1906 1380 2068 1421 auditis
2092 1381 2140 1421 in
2166 1380 2323 1422 theat-ro
2354 1380 2526 1438 Virqiliz·
2554 1396 2644 1424 ver-

532 1456 646 1499 sibus
677 1459 861 1500 surrexit
891 1459 1110 1499 universus
1142 1464 1181 1498 et
1200 1456 1316 1510 forte
1339 1464 1603 1513 praesentem
1631 1464 1960 1513 spectantemque
1991 1455 2216 1513 Vioyilium
2247 1466 2467 1500 veneratus
2497 1467 2557 1500 eet
2585 1461 2645 1501 eie

531 1534 661 1591 quasi
689 1534 955 1591 Auyuetum,
997 1533 1107 1576 scite
1139 1548 1221 1575 nec
1253 1533 1347 1576 sine
1380 1532 1530 1576 subtili
1571 1533 1677 1575 artis
1717 1547 1849 1575 sensu
1882 1532 1937 1575 ad
1970 1533 2203 1589 participia
2234 1532 2451 1576 adiectum
2482 1549 2642 1578 nomen

540 1609 768 1666 Viryilium
800 1610 1014 1652 auferunt.
1067 1609 1158 1653 Sed
1191 1610 1228 1652 si
1261 1610 1472 1652 vellemus
1495 1610 1705 1665 exemplis
1726 1609 2041 1661 demonstrare,
2074 1625 2187 1663 quae
2209 1610 2347 1652 multa
2367 1611 2412 1652 in
2433 1618 2641 1667 promptu

530 1691 647 1739 sunt,
679 1685 852 1742 quoties
891 1685 935 1727 in
974 1683 1127 1728 eodem
1168 1691 1244 1728 aut
1283 1684 1413 1729 simili
1445 1700 1606 1742 genere
1639 1683 1868 1728 Ciceronis
1906 1684 2098 1728 editores
2143 1685 2451 1741 peccavissent
2492 1687 2644 1731 cultis-

535 1762 775 1818 simamque
808 1761 941 1803 Tullii
974 1761 1216 1804 orationem
1249 1761 1510 1817 importunis
1543 1760 1745 1804 manibus
1778 1760 2118 1814 deformassmt,
2163 1760 2297 1819 longa
2337 1761 2425 1804 tela
2454 1763 2646 1807 texenda

537 1844 679 1890 esset,
722 1852 853 1893 quam
892 1851 980 1879 non
1021 1836 1155 1879 ordiri
1196 1837 1333 1880 satius
1373 1836 1578 1879 duximus
1621 1851 1753 1891 quam
1792 1835 2179 1893 praepedientibus
2219 1836 2349 1879 huius
2395 1838 2647 1893 scriptionis

538 1913 755 1969 angustiis
787 1912 1035 1954 inchoatam
1069 1912 1327 1969 relinquere.

744 2006 838 2049 Scr.
874 2022 928 2048 m.
966 2007 1109 2063 Aprili
1140 2005 1633 2049 MDCCCLXXVIII.

2664 540 2684 553 Q
