3062 3903
553 293 647 340 Sed
678 295 737 338 sit
766 294 853 339 hoc
884 294 992 338 satis
1025 293 1391 352 reprehensionis.
1451 295 1523 337 Ac
1559 309 1614 338 ne
1652 293 1794 337 solum
1826 293 2085 350 scriptorem
2125 288 2327 347 opusculi
2365 303 2460 331 car·

349 373 494 432 psisse
534 371 727 429 iniquius
765 371 1010 425 videamur,
1050 370 1189 413 multa
1218 371 1263 413 in
1295 369 1381 413 hoc
1411 369 1559 413 libello
1590 368 1871 426 deliquerunt
1911 370 2039 413 etiam
2079 366 2267 419 librarii,
2308 379 2460 421 quam-

353 457 484 505 quam
523 449 714 491 fortasse
750 463 840 489 non
878 454 967 490 tam
1009 448 1148 490 multa
1185 461 1317 503 quam
1356 447 1555 503 plerique
1591 446 1724 488 hodie
1768 447 2014 502 opinantur.
2082 443 2296 486 Videmus
2344 441 2459 482 enim

348 524 559 568 nonnulla
587 524 827 567 identidem
860 524 1123 566 coniecturis
1155 524 1358 580 temptari
1389 538 1502 578 quae
1532 529 1652 565 recte
1692 524 1855 578 scripta
1895 530 1998 565 sunt
2039 535 2181 575 neque
2212 519 2347 560 ullam
2377 517 2459 558 du-

348 599 519 645 bitandi
549 600 774 644 materiam
806 599 1005 642 afferunt.
1068 599 1205 642 Velut
1234 615 1348 655 quae
1380 614 1419 641 c.
1442 600 1515 653 36,
1536 599 1588 642 31
1625 599 1833 655 leguntur

464 691 560 720 eum
587 691 745 733 parum
776 684 880 718 esset
906 678 954 718 in
985 684 1134 719 senatu
1166 676 1342 718 breviter
1370 690 1532 718 censere
1562 676 1651 717 nisi
1676 676 1754 732 qui
1782 677 1949 730 inqenio
1980 683 2020 716 et
2038 675 2275 731 eloquentia
2297 683 2458 717 senten-

468 755 572 795 tiam
602 768 726 795 suam
758 759 944 794 tueretur
1713 797 1717 799 ,

346 828 468 883 quod
487 828 775 871 Andresenus
799 828 1030 870 cavillatur
1060 828 1123 869 ita
1155 828 1369 869 rationem
1390 827 1670 870 concludens
1701 823 1827 882 ‘ergo
1858 833 1951 869 tum
1983 828 2089 869 satis
2120 833 2212 869 erat
2233 827 2277 868 in
2300 833 2456 869 senatu

347 904 537 947 breviter
578 919 759 947 censere
798 904 836 946 si
869 904 968 958 quis
1008 904 1186 959 ingenio
1218 910 1264 945 et
1294 903 1545 957 eloquentia
1574 903 1836 945 sententiam
1873 902 2097 944 tuebatur'
2135 910 2181 945 et
2211 902 2454 945 Ritschelio

347 986 527 1022 auctore
557 986 603 1024 et
634 979 832 1024 adiutore
864 980 1000 1022 verba
1029 980 1311 1036 integerrima
1341 978 1638 1021 additamento
1669 994 1848 1035 prorsus
1886 979 2029 1020 inutili
2066 986 2223 1036 auget,
2262 979 2456 1036 neglexit

348 1054 481 1098 homo
512 1055 686 1099 subtilis
718 1057 1007 1099 certissimum
1044 1071 1210 1098 morem
1246 1056 1460 1098 sermonis
1492 1040 1630 1097 latini.
1692 1055 1763 1097 Ita
1800 1055 1914 1097 enim
1945 1055 2129 1097 Plautus
2166 1055 2338 1097 loeutus
2371 1063 2454 1107 est,

349 1146 433 1175 non
464 1135 569 1176 saus
599 1134 647 1175 id
686 1142 746 1175 est
774 1135 883 1176 mali
909 1135 959 1175 ni
986 1135 1114 1175 etiam
1142 1134 1328 1189 amplius
1357 1133 1472 1190 quod
1502 1133 1651 1175 ecbibit
1677 1132 1799 1174 Trin.
1823 1133 1933 1186 249,
1973 1147 2102 1187 quem
2142 1147 2316 1174 versum
2359 1133 2453 1174 vitii

347 1208 523 1264 quidem
562 1225 651 1252 non
691 1210 926 1252 immunem
963 1209 1190 1266 interpreti
1231 1216 1380 1251 tamen
1418 1207 1511 1251 dari
1553 1224 1652 1251 cum
1683 1208 1958 1251 Buechelero
1995 1215 2040 1250 et
2071 1208 2312 1251 Ritschelio
2344 1208 2454 1250 noli-

345 1299 465 1339 mus,
496 1292 541 1327 et
571 1286 822 1340 Terentius,
859 1301 944 1329 non
976 1288 1080 1328 satis
1110 1294 1170 1328 est
1202 1293 1322 1328 tuum
1354 1293 1391 1328 te
1420 1285 1605 1340 officium
1631 1285 1797 1338 fecisse,
1834 1287 1883 1327 id
1917 1288 1956 1327 si
1983 1299 2068 1328 non
2088 1285 2216 1339 sama
2246 1285 2455 1341 adprobat

342 1360 522 1404 Phorm.
544 1364 590 1415 4,
613 1364 653 1414 5,
680 1363 749 1416 12,
781 1369 826 1405 et
860 1361 1032 1416 Cicero,
1064 1376 1150 1405 non
1180 1363 1286 1404 satis
1316 1369 1410 1404 erat
1446 1363 1494 1403 in
1536 1362 1690 1404 tabulis
1727 1363 1955 1418 inspexisse
1985 1369 2193 1417 quantum
2224 1361 2452 1412 deberetur,

344 1439 433 1480 nisi
465 1440 526 1481 ad
560 1439 747 1482 Castoris
784 1441 1014 1496 quaesisses
1054 1448 1267 1495 quantum
1299 1439 1522 1481 solveretur
1550 1454 1630 1495 pro
1664 1437 1845 1491 Quinct.
1870 1441 1913 1490 4,
1951 1441 2025 1489 173
2063 1453 2221 1494 parum
2260 1439 2454 1480 miseriae

347 1515 403 1556 sit
420 1515 535 1571 quod
553 1515 654 1557 aliis
675 1516 815 1569 coluit,
836 1517 922 1558 nisi
939 1517 1065 1558 etiam
1086 1516 1201 1572 quod
1220 1516 1388 1557 omnino
1408 1515 1538 1557 coluit
1558 1517 1729 1557 crimini
1743 1514 1877 1565 t'uerit
1895 1530 1975 1570 pro
1997 1513 2129 1557 Rosc.
2163 1516 2261 1556 Am.
2287 1516 2355 1566 17,
2373 1516 2452 1562 49;

345 1605 421 1633 nee
440 1590 590 1634 habers
615 1593 810 1634 virtutem
830 1594 934 1634 satis
953 1599 1014 1634 est
1033 1593 1119 1633 nisi
1136 1599 1258 1633 utare
1285 1590 1340 1633 de
1371 1606 1462 1647 rep.
1489 1594 1527 1644 1,
1551 1593 1592 1644 2,
1616 1592 1659 1643 2,
1691 1591 1893 1646 idemque
1916 1606 2047 1646 saepe
2071 1591 2194 1643 alias,
2216 1598 2260 1632 et
2281 1590 2452 1641 Livius,

347 1667 545 1723 templum
574 1667 735 1710 violare
763 1683 921 1724 parum
952 1668 1156 1720 habuisse,
1190 1669 1278 1710 nisi
1305 1668 1521 1710 detexisset
1539 1667 1664 1721 foede
1693 1685 1746 1710 ac
1771 1683 1906 1724 prope
1937 1668 2136 1709 diruisset
2157 1668 2228 1721 42,
2251 1668 2294 1720 3,
2327 1668 2375 1718 6;
2408 1673 2454 1708 et

275 1737 282 1744 ⁶
343 1749 520 1799 praeter
549 1750 719 1787 ceteros
753 1745 1013 1788 creberrime
1045 1744 1215 1788 Seneca
1245 1743 1550 1801 philosophus,
1579 1759 1737 1802 parum
1767 1752 1829 1787 est
1856 1745 1925 1786 illi
1955 1759 2099 1802 capere
2124 1746 2330 1802 patriam,
2369 1744 2455 1784 nisi

344 1821 533 1872 verterit3
558 1835 718 1878 parum
738 1820 864 1875 foede
892 1821 1074 1863 insolens
1093 1820 1260 1875 fuerat,
1295 1822 1372 1878 qui
1400 1821 1451 1863 de
1480 1822 1614 1879 capite
1644 1822 1880 1863 consularis
1911 1823 1995 1863 viri
2022 1829 2210 1864 soccatus
2240 1820 2450 1872 audiebat,

344 1897 433 1937 nisi
459 1898 507 1938 in
537 1912 582 1939 os
612 1900 815 1940 senatoris
844 1900 1101 1954 inqessisset3
1133 1912 1297 1954 parum
1325 1906 1386 1940 est
1410 1900 1633 1954 pecuniam
1664 1900 1872 1955 quaesisse
1912 1901 1997 1940 nisi
2027 1900 2169 1948 solvit3
2201 1912 2361 1954 parum
2392 1904 2453 1938 est

343 1973 413 2014 illi
441 1973 555 2025 velle,
587 1976 672 2015 nisi
698 1974 871 2030 profuit,
903 1989 1065 2030 parum
1095 1981 1156 2016 est
1177 1973 1392 2029 profuisse
1420 1976 1507 2016 nisi
1534 1975 1686 2024 voluit,·
1710 1990 1869 2031 parum
1899 1984 1959 2017 est
1988 1990 2149 2016 sumere
2180 1981 2450 2030 unquentum,

345 2049 430 2090 nisi
459 2048 520 2091 bis
551 2050 618 2092 die
650 2057 792 2107 terque
821 2058 1061 2093 renovatur.
1124 2051 1326 2107 Apparet
1363 2050 1400 2093 si
1440 2050 1526 2093 isto
1566 2050 1697 2093 modo
1737 2050 1987 2093 calumniari
2029 2050 2146 2093 illam
2179 2049 2321 2093 Taciti
2353 2064 2451 2091 sen·

346 2124 528 2167 tentiam
565 2125 693 2180 licet,
733 2125 848 2169 idem
879 2127 924 2169 in
956 2127 1102 2169 omnia
1140 2126 1294 2169 cadere
1327 2126 1536 2183 exempla,
1576 2126 1653 2170 sed
1694 2126 1899 2170 dandum
1926 2127 2011 2170 hoc
2045 2134 2112 2170 est
2145 2125 2449 2170 consuetudini

345 2202 573 2255 sermonis,
605 2209 655 2244 ut
686 2217 798 2258 quae
825 2203 1057 2246 seiunctim
1083 2202 1224 2245 efferri
1246 2209 1450 2258 poterant
1472 2229 1524 2236 —
1543 2218 1701 2260 parum
1725 2212 1785 2246 est
1805 2205 1978 2257 dedisse,
1998 2205 2186 2258 fhvenda
2218 2211 2320 2245 sunt
2350 2202 2451 2258 (Se-

343 2278 493 2334 neca);
520 2291 682 2335 parum
713 2285 774 2322 est
792 2279 986 2322 virtutem
1013 2278 1174 2332 habere,
1206 2278 1408 2322 utendum
1438 2286 1517 2330 est;
1540 2293 1701 2336 parum
1731 2287 1791 2324 est
1819 2295 1991 2338 aem-um
2023 2294 2107 2323 non
2139 2294 2234 2333 esse,
2265 2279 2450 2322 alacrem

338 2353 430 2396 volo
444 2353 575 2411 (dial.
593 2355 662 2408 23,
683 2356 757 2412 19)
775 2380 828 2388 -—
844 2355 955 2398 eain
970 2369 1104 2398 unum
1123 2353 1550 2413 comprehendantur
1566 2355 1752 2399 collecto
1770 2355 1943 2400 dicendi
1961 2371 2136 2415 genere,
2159 2356 2229 2400 cui
2251 2357 2336 2399 nisi
2351 2370 2450 2413 par-

343 2430 480 2473 ticula
520 2431 564 2473 in
606 2430 673 2474 his
716 2422 896 2475 inservit
937 2439 978 2475 et
1018 2433 1061 2474 in
1101 2432 1317 2490 cognatis,
1357 2447 1537 2490 nequam
1574 2434 1687 2476 illud
1723 2435 1932 2477 verbumst
1969 2433 2080 2477 ‘bene
2109 2433 2221 2487 vols,
2262 2436 2348 2477 nisi
2374 2435 2452 2491 qui

344 2507 441 2549 bene
460 2507 599 2561 jacin·
630 2509 813 2551 homines
844 2510 972 2552 nihili
992 2509 1171 2563 faciunt
1198 2511 1314 2566 quod
1336 2511 1441 2563 licet,
1473 2512 1558 2552 nisi
1585 2512 1701 2568 quod
1723 2511 1844 2553 lubet.
1956 2511 2168 2555 Eiusdem
2200 2518 2345 2554 autem
2369 2509 2448 2553 Se-

343 2597 479 2625 necae
511 2584 712 2640 exemplo
746 2600 844 2627 cum
876 2586 961 2628 alia
990 2585 1116 2641 plura
1147 2586 1192 2627 in
1225 2585 1311 2627 hoc
1342 2585 1518 2643 dialogo
1549 2586 1723 2629 firmare
1754 2588 1898 2644 possis
1933 2587 2075 2644 (velut
2106 2587 2298 2630 Haasius
2331 2586 2448 2628 illius

341 2659 619 2715 potissimum
643 2661 905 2703 auctoritate
929 2661 1038 2703 haec
1068 2677 1105 2704 c.
1137 2663 1205 2714 16,
1229 2663 1285 2704 35
1316 2663 1468 2719 incipit
1484 2662 1772 2705 Demosthenes
1803 2666 1984 2705 eoetite'sse
2015 2664 2163 2706 multis
2185 2663 2448 2705 coniecturis

345 2734 537 2777 obnoxia
558 2735 733 2793 egregie
756 2736 968 2779 stabilivit
989 2743 1033 2779 et
1055 2736 1314 2794 declaravit)
1336 2743 1428 2780 tum
1451 2737 1649 2780 videmur
1669 2738 1797 2782 nobis
1820 2738 1929 2782 haec
1951 2739 2083 2782 verba
2113 2753 2151 2782 c.
2171 2740 2227 2783 38
2257 2739 2315 2781 in.
2338 2738 2450 2780 tueri

470 2811 655 2854 Transeo
685 2814 747 2854 ad
765 2812 957 2866 sormam
988 2822 1028 2857 et
1055 2816 1396 2857 consuetudinem
1427 2823 1607 2857 veterum
1637 2817 1913 2859 iudiciorum.-
1943 2832 2054 2874 quae
2079 2818 2157 2859 etsi
2174 2831 2288 2858 nunc
2309 2818 2450 2872 aptior

463 2889 655 2942 extiterit,
687 2889 966 2946 eloquentiam
999 2898 1138 2933 tamen
1168 2890 1283 2933 illud
1301 2890 1450 2946 forum
1480 2892 1614 2949 mayis
1647 2893 1871 2947 exercebat,
1902 2894 1949 2935 in
1980 2908 2061 2951 quo
2093 2900 2174 2935 eet.

345 2963 398 3007 In
431 2964 591 3020 quibus
622 2981 731 3022 quae
761 2967 1019 3022 pronomine
1051 2983 1138 3009 non
1159 2968 1350 3022 Jormam
1379 2977 1557 3011 veterum
1587 2970 1843 3012 iudiciomm
1875 2969 1951 3012 sed
1974 2971 2163 3023 formam
2193 2969 2449 3011 iudiciorum

344 3039 566 3099 designari
599 3048 803 3099 apparet:
837 3056 968 3099 quam
1000 3043 1057 3086 ob
1090 3057 1180 3087 rem
1212 3045 1287 3101 qui
1318 3052 1499 3088 veterum
1531 3044 1665 3088 deleri
1706 3046 1853 3100 iussit,
1892 3060 2021 3103 quam
2064 3045 2272 3088 adiuvare
2310 3044 2451 3087 voluit

344 3117 586 3159 orationem
618 3118 899 3173 depravavit:
938 3134 990 3161 eo
1023 3121 1137 3161 enim
1170 3121 1348 3176 dempto
1388 3122 1603 3164 vocabulo
1637 3137 1725 3177 quo
1758 3122 1982 3164 referimus
2013 3123 2124 3163 illud
2143 3121 2318 3174 forum?
2360 3120 2448 3163 Sed

344 3192 661 3237 dubitationem
695 3194 749 3236 de
781 3196 1039 3250 pronomine
1071 3196 1255 3238 relativo
1287 3197 1443 3239 tollent
1474 3198 1582 3239 haec
1615 3213 1728 3253 quae
1762 3197 1930 3241 Seneca
1965 3198 2115 3240 scribit
2149 3197 2204 3239 de
2237 3199 2328 3239 otio
2360 3213 2396 3239 c.
2422 3200 2449 3239 3
