3062 3903
788 924 909 987 VN
911 923 1443 995 [VERSITATIS
1481 926 2059 991 LITTERARIAE

1020 1061 1416 1111 FRIDEfflcAE
1453 1060 1830 1119 ev1LELMAE

564 1178 1220 1284 ‘RE-eron
1278 1162 1459 1284 ΕΤ
1519 1199 2238 1288 SENATVS.

373 1378 608 1473 Aureus
641 1425 814 1468 libellus
849 1432 916 1467 est
946 1425 1089 1467 Taciti
1120 1425 1174 1467 de
1207 1426 1457 1469 oratoribus
1489 1433 1533 1467 et
1564 1427 1688 1468 cuius
1720 1427 1939 1483 elegantia
1976 1429 2187 1470 sermonis
2225 1437 2269 1470 et
2300 1437 2474 1472 senten-

372 1501 532 1545 tiaram
564 1500 785 1566 subtilitas
817 1485 983 1543 mii-aiiii*
999 1499 1250 1557 legentibus
1280 1500 1594 1544 iucunditatem
1625 1500 1800 1545 afferat:
1843 1502 1923 1545 sed
1952 1509 2098 1546 tamen
2129 1502 2244 1547 idem
2276 1504 2474 1559 pluribus

371 1576 546 1619 indiciis
577 1572 802 1633 ingenium
832 1577 1058 1619 luxurians
1091 1571 1172 1619 nec
1203 1577 1312 1619 satis
1344 1583 1560 1619 maturum
1592 1576 1778 1633 prodere
1810 1578 2002 1631 videtur,
2040 1579 2192 1621 stilum
2232 1587 2378 1622 autem
2417 1580 2474 1622 ad

374 1652 602 1697 Ciceronis
634 1649 763 1697 illum>¹
788 1653 960 1711 quidem
992 1654 1280 1697 imitationem
1308 1654 1541 1697 formatum
1568 1653 1648 1698 sed
1667 1670 1756 1697 non
1783 1655 1873 1698 acri
1895 1655 2038 1699 ubivis
2060 1655 2220 1699 iudicio
2242 1656 2473 1701 subactum

374 1735 450 1775 aut
481 1735 602 1774 certo
629 1720 803 1774 decoris
836 1746 969 1775 sensu
989 1736 1291 1788 temperatum.
1347 1729 1481 1786 Quod
1512 1737 1561 1775 ut
1590 1730 1729 1789 probe
1760 1745 1813 1775 ac
1838 1731 2013 1788 penitus
2044 1732 2346 1789 perspiciatur,
2377 1733 2474 1790 plu-

371 1806 494 1851 ribus
527 1806 582 1850 de
613 1807 757 1850 causis
789 1806 983 1852 studiose
1015 1807 1232 1865 agendum
1265 1812 1356 1861 est,
1387 1806 1466 1851 sed
1504 1822 1555 1851 ea
1584 1807 1846 1865 praecipua,
1883 1822 1939 1851 ne
1969 1808 2155 1865 proclivi
2186 1823 2331 1864 errore
2362 1809 2476 1866 lapsi

372 1882 578 1928 librarios
621 1898 868 1942 arguamus·
896 1898 1159 1941 causamque
1200 1883 1446 1941 corrigendi
1479 1884 1734 1942 arripiamus
1765 1884 1809 1927 in
1840 1884 1920 1938 iis,
1959 1899 2070 1941 quae
2112 1886 2302 1930 auctoris
2345 1886 2475 1943 culpa

372 1959 569 2004 admisit.·
625 1959 764 2005 Cuius
802 1960 975 2019 generis
1013 1961 1226 2004 nonnulla
1265 1960 1348 2004 hac
1378 1961 1630 2017 prolusione
1671 1961 1940 2019 attingemus
1979 1962 2101 2005 brevi
2142 1970 2186 2005 et
2223 1963 2474 2019 speciminis

371 2035 486 2090 loco,
518 2050 607 2079 non
638 2041 690 2080 ut
720 2036 1025 2080 exhauriamus
1046 2037 1270 2080 materiam
1293 2036 1372 2080 sed
1391 2044 1441 2080 ut
1461 2051 1630 2095 gnavos
1652 2036 1968 2089 adolescentes,
1992 2051 2178 2092 quorum
2199 2038 2310 2081 haec
2340 2053 2474 2083 causa

372 2113 559 2157 maxime
591 2112 838 2167 scribimus,
870 2112 924 2156 ad
957 2113 1073 2157 hanc
1103 2128 1195 2157 rem
1227 2112 1442 2158 curiosius
1474 2111 1771 2171 indagandam
1803 2113 2048 2157 incitemus.

543 2221 546 2224 ⁴
573 2188 732 2246 Itaque
766 2188 998 2234 Secundus
1031 2196 1075 2234 et
1096 2190 1219 2246 Aper
1248 2189 1324 2234 ubi
1345 2188 1539 2233 Materni
1570 2188 1820 2234 cubiculum
1851 2189 2070 2233 intrarunt
2100 2187 2286 2247 eumque
2317 2191 2472 2235 seden-

371 2270 460 2309 tem
492 2271 537 2309 et
568 2264 785 2310 Cat'onem
816 2265 1087 2325 tragoediam
1118 2265 1259 2324 pridie
1297 2262 1524 2309 recitatam
1562 2264 1676 2310 inter
1715 2280 1871 2309 manus
1903 2265 2139 2309 habentem
2183 2266 2473 2322 offenderunt,

373 2341 609 2387 Secundus
621 2341 874 2387 Maternum
896 2342 1096 2400 increpat
1117 2342 1185 2386 his
1215 2342 1364 2386 verbis
1397 2343 1454 2398 (c.
1478 2341 1521 2395 3,
1543 2342 1613 2397 4):
1646 2342 1808 2385 nihilne
1829 2350 1866 2385 te
1876 2341 2056 2397 fabulae
2077 2344 2362 2401 malignorum
2394 2352 2474 2387 ter-

370 2426 464 2464 rent
500 2432 583 2478 quo
612 2420 754 2464 minius
784 2419 960 2477 offensae
995 2420 1166 2465 Catonis
1197 2421 1263 2463 tui
1289 2432 1426 2474 ames,
1463 2432 1523 2462 an
1559 2419 1650 2463 ideo
1691 2419 1844 2463 librum
1883 2420 2014 2463 istum
2051 2420 2387 2478 apprehendisti,
2426 2428 2475 2466 ut

370 2497 616 2555 diliyentiuo
654 2501 906 2539 retractares
943 2503 982 2539 et
1018 2496 1194 2540 sublatis
1233 2497 1272 2539 ei
1309 2510 1395 2554 qua
1427 2508 1590 2553 pravae
1627 2497 1969 2554 interpretationi
2006 2498 2227 2539 materiam
2266 2497 2473 2540 dederunt

369 2574 570 2617 emitteres
594 2572 793 2618 Catonem
814 2586 897 2617 non
918 2573 1087 2633 quidem
1117 2573 1325 2617 meliorem
1355 2572 1432 2635 sed.
1454 2579 1590 2617 tamen
1617 2571 1898 2617 securiorem?
1930 2570 2014 2617 Cui
2046 2571 2167 2617 illum
2199 2572 2262 2618 ita
2291 2587 2474 2633 respon·

372 2648 548 2694 dentem
579 2649 686 2693 facit
715 2649 918 2694 Tacitus:

497 2726 605 2770 Tum
634 2728 706 2770 ille
735 2725 858 2785 ‘leqea
890 2734 933 2770 tu
967 2726 1144 2783 quidem
1163 2728 1269 2785 quid
1287 2728 1512 2771 Maternus
1542 2726 1621 2769 eibi
1643 2726 1831 2769 debuerit
1857 2733 1898 2769 et
1926 2739 2120 2784 aquosi-ee
2150 2741 2260 2785 quae
2289 2729 2471 2780 audisti,-

489 2805 643 2863 quodei
669 2820 756 2863 qua
797 2806 937 2847 omisit
971 2804 1073 2848 Cato
1109 2805 1295 2863 sequenti
1330 2805 1568 2847 recitatione
1604 2802 1798 2862 Thyestes
1838 2803 1967 2846 dicet:
2014 2804 2123 2847 ltanc
2161 2805 2273 2847 enim
2315 2812 2474 2863 traqoe-

489 2882 608 2923 diam
639 2882 832 2939 disposui
858 2883 946 2923 iam
977 2889 1018 2922 et
1044 2882 1163 2923 intra
1193 2895 1257 2923 me
1285 2883 1374 2939 ipse
1395 2880 1595 2935 formavi.

370 2957 519 3004 Prima
557 2958 632 3000 illa
670 2960 804 3000 verba
834 2957 1029 3006 Materni
1071 2958 1175 3014 leyen
1215 2964 1260 2998 tu
1297 2958 1465 3014 quidem
1504 2958 1608 3014 quid
1637 2958 1860 2999 Maternus
1889 2957 1969 2998 eibi
1998 2958 2203 3010 debuerit,
2235 2957 2280 2998 in
2313 2958 2471 3013 quibus

368 3034 538 3091 quidem
555 3039 751 3091 v-tpraeter
793 3033 968 3077 codices
1006 3032 1062 3076 de
1103 3031 1310 3077 Seebodii
1355 3033 1605 3076 coniectura
1649 3048 1676 3075 a
1716 3031 1952 3089 Schopeno
1993 3039 2171 3088 recepta
2210 3032 2473 3086 addidimus,

370 3109 493 3167 gravi
525 3109 864 3167 reprehensione
895 3108 1193 3166 Nipperdeius
1225 3108 1460 3166 corripuit:
1500 3123 1587 3151 non
1629 3108 1788 3151 iniuria
1826 3122 1968 3164 neque
2007 3121 2088 3150 nos
2127 3109 2245 3151 acuti
2286 3109 2471 3151 hominis

2145 3184 2205 3231 1.

3038 2296 3062 2429 Ξ
