3062 3903
1423 170 1451 216 9

378 306 510 365 plane
539 319 622 363 pro
654 318 794 357 nova,
833 309 882 346 ut
920 309 989 347 est
1021 318 1188 357 revera,
1226 301 1412 360 proferri
1443 300 1621 356 debeat,
1654 300 1874 346 sublatum
1907 308 1976 346 est
2007 302 2158 345 vitium
2193 303 2236 346 in
2268 303 2335 348 his
2366 303 2487 349 Mes·

379 383 514 426 zallae
545 381 694 424 verbis
727 395 766 422 c.
790 381 863 433 25,
883 381 910 422 9
948 374 954 376 ⁷

501 472 553 501 ne
582 458 654 500 illi
681 457 847 514 quidem
875 457 995 513 parti
1022 456 1224 498 sermonis
1263 456 1354 498 eim
1390 468 1578 511 repuqno
1619 456 1659 497 ei
1695 456 1926 498 comminue
1946 453 2117 508 fatetur
2149 455 2297 512 plures
2317 454 2486 509 formae

499 533 671 577 dicendi
699 533 826 575 etiam
855 532 1003 574 iisdem
1032 531 1211 574 saeculis
1241 530 1395 573 nedum
1425 530 1600 572 diversis
1627 530 1823 573 extitisse.

381 608 510 664 Quae
543 616 593 652 ut
623 614 727 652 sunt
757 606 1017 664 depravata,
1050 607 1111 649 ita
1140 606 1307 664 largam
1339 605 1592 663 opinionum
1622 611 1819 664 segetem
1850 605 2063 660 tulerunt,
2095 607 2140 648 in
2173 607 2333 662 quibus
2364 621 2487 650 reco-

378 683 645 748 gnoscendis
676 698 764 727 non
798 683 1029 727 abutemur
1060 682 1166 736 otio,
1188 682 1393 738 quoniam
1423 697 1553 726 nemo
1585 683 1700 725 inter
1718 687 1786 724 tot
1811 682 1989 726 criticos
2020 697 2074 725 ne
2107 689 2359 740 contempta
2390 683 2485 739 qui-

377 762 492 816 dem,
524 767 575 805 ut
605 760 783 815 assolet,
814 759 1013 803 mutandi
1044 759 1262 804 modestia
1291 759 1562 816 probabilem
1593 765 1638 803 et
1659 758 1763 802 huic
1794 759 2035 803 sententiae
2065 766 2210 816 aptam
2243 760 2483 803 orationem

376 837 668 883 coniectando
700 841 931 880 assecutus
964 841 1050 888 est;
1090 850 1233 892 neque
1276 835 1429 879 melius
1467 850 1606 893 nuper
1638 833 1794 879 Ottoni
1827 833 2070 878 Ribbeckio
2102 835 2348 879 emendatio
2387 850 2485 880 suc-

379 910 536 966 cessit3
580 920 624 956 et
664 919 812 956 tamen
851 913 1011 955 veritas
1043 919 1111 955 est
1141 912 1185 954 in
1216 911 1437 969 proximo:
1470 926 1558 954 una
1587 912 1734 955 littera
1763 918 1930 955 mutata
1962 918 2006 955 et
2034 915 2262 956 comminas
2293 914 2484 969 reposito

377 1006 458 1049 pro
498 991 729 1033 comminue
758 990 855 1045 ipsa
886 1004 1038 1032 manus
1071 989 1299 1045 scriptoris
1330 987 1499 1044 prodit:
1532 1004 1584 1031 ne
1621 990 1690 1031 illi
1725 989 1896 1044 quidem
1919 990 2046 1044 parti
2073 991 2272 1031 sermonis
2301 991 2392 1032 eius
2421 1005 2484 1032 re-

370 1080 540 1124 puyno,
581 1067 622 1108 ei
656 1067 913 1108 comminans
940 1064 1129 1118 fatetur,
1164 1065 1311 1121 plures
1339 1063 1508 1117 formae
1546 1064 1716 1106 dicendi
1754 1065 1882 1106 etiam
1923 1065 2072 1106 iisdem
2110 1064 2286 1106 saeculis
2329 1065 2483 1107 nedum

377 1143 552 1186 diversis
581 1143 774 1185 extitisse.
839 1139 1014 1197 Quippe
1052 1140 1339 1184 comminatus
1372 1146 1467 1182 erat
1497 1140 1619 1195 Aper
1657 1140 1719 1183 ibi
1758 1139 1835 1183 ubi
1866 1139 1981 1183 hanc
2013 1142 2271 1183 sententiam
2303 1142 2486 1197 protulit

378 1218 448 1262 cui
481 1233 529 1262 se
561 1233 805 1275 repugnare
828 1216 1039 1261 Messalla
1069 1223 1224 1274 negat,
1257 1231 1294 1259 c.
1322 1217 1392 1270 18,
1414 1217 1456 1270 8,
1486 1231 1609 1273 ayere
1638 1218 1750 1259 enim
1769 1216 1932 1269 fortius
1960 1219 2049 1260 iam
2074 1226 2114 1259 et
2132 1219 2357 1260 audentius
2379 1219 2480 1270 volo,

377 1297 416 1338 ei
442 1295 561 1338 istud
599 1302 699 1337 ante
734 1295 988 1351 praedioeero
1025 1295 1188 1336 mutari
1225 1307 1320 1336 cum
1362 1293 1611 1349 temporibus
1639 1292 1809 1347 formae
1840 1308 2005 1351 quoqne
2035 1302 2076 1336 et
2106 1309 2260 1349 yenera
2300 1295 2479 1337 dicendi.

379 1371 537 1427 Itaque
578 1371 664 1414 hoc
703 1386 864 1414 novum
904 1371 997 1414 eius
1036 1370 1158 1413 verbi
1198 1376 1242 1412 et
1282 1369 1498 1426 participii
1537 1369 1782 1426 exemplum
1820 1371 1972 1426 paucis
2004 1387 2117 1427 quae
2148 1371 2287 1413 lexica
2319 1371 2482 1414 habent

379 1447 576 1491 accedat.
640 1446 731 1491 Sed
763 1446 882 1503 quod
912 1462 1001 1490 non
1031 1462 1188 1489 novam
1221 1461 1319 1489 esse
1350 1445 1644 1488 coniecturam
1677 1444 1882 1499 diximus,
1903 1462 1941 1489 a.
1970 1448 2081 1489 1842
2116 1463 2140 1489 a
2159 1447 2350 1490 Nisseno
2382 1463 2482 1503 pro-

378 1523 523 1580 posita
554 1529 643 1576 est,
682 1523 903 1580 aspernati
946 1528 1091 1565 autem
1124 1521 1316 1564 editores
1347 1536 1497 1564 omnes
1539 1529 1640 1565 sunt
1679 1528 1729 1564 ut
1758 1536 1814 1564 ue
1845 1524 2065 1566 mentione
2098 1522 2272 1577 quidem
2304 1523 2480 1579 dignam

378 1599 591 1643 haberent
623 1600 819 1656 (praeter
849 1598 1155 1651 Andresenum
1187 1598 1232 1641 in
1262 1597 1448 1642 Emend.
1482 1613 1523 1654 p.
1551 1600 1655 1655 149)
1696 1614 1784 1643 non
1825 1599 1911 1643 alia
1947 1605 1996 1643 ut
2034 1598 2208 1642 videtur
2239 1598 2292 1642 de
2338 1615 2483 1652 causa,

380 1691 511 1732 quam
543 1675 663 1732 quod
692 1678 732 1719 εἰ
760 1676 1015 1732 particulam
1048 1676 1091 1718 in
1122 1675 1198 1718 illa
1227 1674 1402 1731 syntaxi
1421 1674 1526 1718 ferri
1546 1690 1633 1718 non
1654 1690 1786 1732 posse
1807 1690 1859 1719 ac
1878 1690 2120 1733 pronomen
2148 1675 2373 1718 relativum
2395 1692 2482 1733 qua

381 1751 544 1808 requiri
574 1751 672 1805 rati,
704 1751 786 1794 hac
808 1751 1092 1808 persuasione
1124 1750 1167 1793 in
1190 1749 1317 1793 devia
1347 1748 1497 1793 seduci
1528 1765 1574 1793 se
1596 1751 1714 1808 passi
1728 1757 1850 1800 sunt.
1897 1750 2134 1795 Enimvero
2165 1751 2226 1795 illi
2247 1751 2485 1808 particulae

383 1826 610 1871 Ciceronis
631 1827 868 1870 auctoritas
885 1827 1194 1885 patrocinatur,
1211 1826 1286 1884 qui
1302 1826 1364 1869 ita
1381 1825 1554 1871 scribit:
1575 1828 1653 1870 illa
1674 1828 1854 1885 euspicio
1874 1826 2132 1871 intolerabili
2150 1828 2289 1871 dolore
2308 1829 2484 1881 cmc-iat,

382 1906 421 1946 si
449 1906 679 1963 opinamur
708 1919 787 1958 eoo,
809 1905 959 1962 quibus
979 1899 1119 1946 orbati
1136 1918 1296 1969 eumue,
1326 1917 1409 1946 esee
1440 1919 1535 1947 cum
1564 1905 1709 1962 aliquo
1739 1918 1864 1948 sensu
1894 1905 1941 1947 in
1962 1906 2016 1947 iie
2037 1905 2161 1948 malis
2181 1904 2333 1961 quibus
2362 1906 2485 1962 vulyo

382 1982 618 2040 opinantur
637 1981 770 2024 Tusc.
788 1983 828 2035 1,
844 1981 914 2035 46,
934 1982 1040 2033 111;
1066 1971 1325 2040 Clivyeippue
1354 1986 1495 2023 autem
1525 1986 1654 2038 caput
1672 1994 1756 2023 esee
1776 1987 1912 2024 censet
1929 1981 1977 2023 in
1997 1980 2249 2024 consolando
2271 1980 2486 2025 detrahere

381 2059 504 2100 illam
533 2059 772 2116 opinionem
802 2057 1018 2110 maerenti,
1048 2058 1087 2099 si
1116 2070 1158 2099 se
1187 2055 1322 2111 officio
1341 2056 1479 2114 junqi
1501 2062 1621 2114 putet
1649 2057 1759 2099 iusto
1797 2063 1924 2114 atque
1954 2055 2087 2100 debito
2119 2056 2223 2100 ibid.
2248 2058 2290 2111 3,
2313 2058 2384 2111 31,
2410 2058 2486 2110 76;

382 2147 464 2175 nec
495 2133 765 2176 dissimiliter
793 2135 875 2174 ieta
908 2134 1111 2174 sententia
1143 2135 1325 2174 maxime
1355 2140 1396 2174 et
1414 2132 1541 2187 fallit
1569 2134 1781 2190 imperitos
1817 2139 1857 2174 et
1891 2133 2003 2175 obest
2036 2134 2274 2190 saepissime
2313 2135 2378 2176 rei
2400 2148 2485 2191 pu-

382 2210 536 2263 blicae,
574 2224 672 2250 cum
702 2211 871 2267 aliquid
909 2222 1053 2249 verum
1092 2216 1132 2248 et
1160 2215 1319 2250 rectum
1350 2222 1434 2249 esee
1464 2210 1644 2261 dicitur,
1681 2209 1756 2250 sed
1791 2210 1975 2266 optineri
2011 2209 2058 2250 id
2095 2215 2156 2250 est
2191 2208 2334 2251 obsisti
2370 2223 2486 2267 posse

378 2287 539 2341 populo
570 2294 752 2342 περαίαν
782 2285 836 2326 de
868 2285 954 2340 leg.
983 2285 1026 2336 3,
1052 2286 1120 2336 15,
1144 2285 1223 2335 343
1256 2284 1415 2339 quibus
1442 2298 1591 2326 rursus
1622 2284 1809 2326 conferri
1829 2290 2017 2341 possunt
2048 2298 2160 2340 quae
2192 2285 2236 2326 in
2267 2285 2364 2343 ipso
2396 2285 2487 2327 dia-

386 2361 489 2418 logo
521 2362 728 2418 leguntur
748 2377 785 2404 c.
808 2364 876 2413 15,
894 2361 919 2401 3
952 2362 1064 2402 hunc
1087 2369 1206 2401 tuum
1227 2374 1454 2401 sermonem
1475 2375 1594 2417 saepe
1614 2363 1770 2417 excepi,
1801 2375 1897 2402 cum
1917 2361 2068 2402 oblitae
2096 2369 2136 2402 et
2156 2369 2253 2402 tuae
2283 2369 2320 2403 et
2330 2362 2488 2415 fratria

387 2437 451 2478 tiu·
479 2438 739 2495 eloquentiae
770 2438 975 2478 neminem
1006 2437 1084 2477 hoe
1113 2444 1288 2493 tempore
1312 2444 1518 2478 oratorem
1548 2451 1630 2478 esee
1655 2438 1941 2487 contendere05
1974 2442 2049 2479 aut
2080 2451 2116 2479 c.
2145 2439 2212 2489 14,
2231 2439 2256 2479 9
2289 2438 2486 2481 delectas-

386 2522 446 2556 eet
476 2522 512 2556 te
543 2515 659 2572 Apri
686 2528 831 2567 sermo,
862 2516 959 2556 eum
990 2514 1236 2556 Maternum
1266 2514 1507 2556 eslim-tatus
1537 2520 1606 2555 eet.
1660 2513 1813 2556 Potuit
1836 2512 1906 2556 his
1936 2513 2112 2570 quidem
2144 2513 2252 2557 locis
2284 2515 2486 2558 omnibus

382 2606 464 2648 pro
495 2594 535 2633 ei
563 2591 632 2634 vel
661 2607 757 2634 cum
787 2591 1012 2648 particulis
1044 2605 1286 2647 pronomen
1318 2590 1546 2633 relativum
1578 2590 1924 2645 accommodari,
1964 2593 2088 2633 cuius
2128 2605 2235 2638 usus
2277 2598 2342 2633 est
2383 2605 2486 2634 sane

384 2667 516 2725 longe
532 2667 910 2723 ftequentissimus
933 2667 977 2708 in
994 2667 1078 2709 hoc
1100 2682 1261 2724 genere
1283 2666 1611 2710 abundantioris
1634 2667 1727 2708 sive
1749 2667 1928 2709 laxioris
1951 2668 2182 2719 orationis;
2207 2667 2325 2722 quod
2347 2681 2486 2724 genus

386 2742 431 2785 in
462 2742 686 2800 prooemio
717 2742 955 2786 lectionum
986 2742 1263 2785 hibernarum
1295 2757 1332 2784 a.
1357 2744 1470 2785 1876
1501 2757 1543 2799 p.
1573 2744 1598 2785 8
1629 2743 1877 2799 tetigimus,
1913 2749 2007 2785 tum
2047 2743 2256 2798 exemplis
2287 2743 2354 2786 usi
2384 2742 2489 2785 Tul-

385 2817 527 2872 lianis,
559 2818 773 2872 Livianis,
804 2819 935 2862 edicto
966 2833 1049 2874 quo
1080 2819 1323 2868 edam-cmc,-
1347 2819 1610 2875 propoeitum
1637 2833 1721 2874 quo
1751 2819 1904 2868 etatui3
1920 2827 2194 2875 praeceptum
2215 2834 2297 2875 quo
2328 2827 2486 2868 monet,-

388 2894 547 2948 quibus
588 2893 807 2946 addimus,
849 2899 899 2936 ut
936 2894 981 2935 in
1020 2900 1271 2937 transcursu
1309 2893 1610 2945 emendemus,
1651 2892 1853 2936 Suetonii
1888 2893 2024 2936 verba
2070 2894 2124 2935 de
2172 2895 2262 2935 vita
2299 2894 2490 2936 Terentii

388 2984 431 3025 p.
456 2969 512 3012 32
545 2969 599 3012 R.
626 2978 724 3027 poet
761 2971 895 3012 editae
933 2970 1165 3011 comoedias
1201 2971 1390 3012 nondum
1421 2971 1615 3026 quintum
1657 2961 1782 3026 atque
1819 2971 2058 3011 meeimum
2097 2984 2283 3027 eyreeeue
2313 2984 2489 3022 annum,

388 3045 527 3086 animi
555 3061 687 3087 cauea
720 3060 800 3088 seu
829 3047 1028 3087 vitandae
1059 3047 1270 3104 opinionis
1300 3059 1387 3103 qua
1418 3046 1638 3086 videbatur
1667 3046 1811 3087 aliena
1833 3058 1917 3102 pro
1948 3047 2037 3088 wie
2068 3046 2185 3088 edere
2214 3059 2287 3088 seu
2318 3044 2374 3088 ad
2390 3059 2490 3103 per-

390 3121 584 3176 cipienda
622 3121 881 3165 Graecorum
910 3124 1107 3163 instituta
1128 3136 1353 3177 moresque,
1375 3135 1478 3177 quoe
1510 3135 1594 3162 non
1610 3122 1788 3176 perinde
1808 3123 2054 3178 exprimeret
2079 3123 2127 3162 in
2147 3124 2326 3179 ecm’ptis,
2358 3136 2491 3179 eyree-

388 3209 460 3237 eus
490 3204 551 3239 est
579 3212 712 3255 neque
742 3199 928 3255 amplius
957 3198 1095 3240 rediit.
1159 3196 1275 3239 Nam
1310 3199 1521 3254 opinionis
1559 3212 1644 3254 qua
1685 3197 1905 3239 videbatur
1943 3204 2060 3239 recte
2100 3197 2305 3240 scribitur
2344 3205 2388 3240 et
2418 3212 2494 3240 ne-

2191 3278 2218 3324 2
