3062 3903
1530 188 1590 234 10

505 320 719 375 cessario,
760 335 860 363 cum
899 320 944 363 in
983 319 1108 365 libris
1150 320 1207 364 sit
1244 321 1322 378 qui
1358 321 1427 364 vel
1459 322 1577 379 quia.
1639 319 1826 377 Reliqua
1855 335 1961 365 vero
1993 335 2092 365 cum
2125 321 2257 365 hodie
2290 322 2355 366 sic
2385 322 2623 380 vulgentur

506 413 691 451 annum,
722 412 856 440 cauea
889 397 1090 439 vitandae
1119 397 1349 454 offinionie,
1382 412 1464 440 nos
1497 396 1663 440 codicis
1695 396 1883 440 Parisini
1915 398 2222 442 auctoritatem
2252 399 2450 456 pressius
2482 399 2623 442 secuti

503 474 620 516 illam
654 473 879 516 effecimus
899 473 1162 530 scripturam
1184 488 1315 529 quam
1343 488 1476 530 supra
1495 473 1737 530 posuimus.
1783 471 1897 517 Cum
1921 474 2035 517 enim
2055 474 2128 518 ille
2147 474 2259 518 liber
2277 474 2440 518 habeat
2457 491 2622 518 annum

502 551 640 591 animi
674 565 805 591 eausa
836 550 1051 601 vitandae,
1088 549 1248 604 reliqui
1277 563 1443 592 annum
1473 565 1604 592 cauea
1634 551 1869 603 evitandae,
1901 551 2057 592 rationi
2089 565 2244 607 parum
2277 558 2621 594 consentaneum

502 624 692 678 videtur,
723 625 912 667 abiicere
934 639 1086 668 vocem
1110 624 1381 680 aptissimam
1404 631 1448 667 et
1469 639 1581 680 quae
1603 639 1682 667 cur
1702 624 1978 669 desideretur
1996 626 2041 668 in
2064 627 2222 670 ceteris
2244 626 2472 670 codicibus
2492 627 2620 670 facile

501 701 780 757 perspicitur,
798 715 944 743 errore
972 706 1048 743 aut
1070 700 1255 744 consilio
1278 699 1471 743 additam
1493 701 1539 744 in
1556 701 1757 744 Parisino
1773 700 1983 744 credibile
2004 717 2093 744 non
2117 708 2217 746 est„
2231 703 2467 746 Praeterea
2486 717 2619 746 cauea

502 792 582 820 suo
615 777 810 833 genitivo
843 776 1160 832 praepositum,
1191 775 1246 819 de
1269 791 1355 832 quo
1378 775 1647 820 Ritschelius
1678 776 1723 820 in
1754 776 1830 819 illo
1862 775 1996 819 docto
2028 778 2340 822 commentario
2372 778 2515 822 minus
2548 793 2618 822 ac-

501 860 652 896 curate
674 852 780 909 egit,
812 851 896 896 etsi
916 851 1103 896 sortasse
1125 866 1213 895 non
1236 850 1582 896 addubitandum
1615 858 1682 896 est
1700 879 1753 886 -—
1774 851 1907 906 semel
1930 851 1993 895 ita
2013 851 2252 898 Suetonius
2283 853 2328 897 in
2350 854 2466 912 Aug.
2491 868 2526 897 c.
2546 854 2619 909 24,

501 927 634 972 semel
657 926 826 973 Seneca
858 927 913 971 de
946 927 1091 972 benef.
1114 929 1158 982 4,
1181 928 1224 983 3,
1248 930 1286 982 1,
1320 928 1518 984 pluribus
1551 928 1660 972 locis
1682 928 1838 972 Livius
1861 927 1939 972 sed
1970 934 2020 971 ut
2041 927 2258 972 dubitatio
2281 929 2335 973 de
2367 929 2617 974 sinceritate

498 1003 744 1061 scripturae
776 1018 867 1046 non
900 1003 1016 1048 absit
1046 1018 1178 1060 quam
1210 1003 1464 1061 Madvigius
1499 1003 1707 1060 expendit
1737 1004 1781 1046 in
1803 1002 2197 1048 Emendationibus
2229 1004 2427 1048 Livianis
2458 1005 2615 1048 iterum

500 1078 631 1123 editis
663 1095 704 1137 p.
731 1080 816 1123 579
837 1105 890 1113 -—
918 1077 999 1123 sed
1031 1085 1149 1123 certe
1181 1079 1374 1123 insolens
1406 1086 1472 1123 est
1505 1079 1613 1123 haec
1644 1079 1897 1131 collocati03
1931 1093 2043 1135 quae
2076 1079 2263 1123 Parisini
2296 1079 2462 1124 codicis
2492 1080 2618 1125 testi·

499 1155 647 1199 monio
688 1160 947 1199 removetur.
1013 1154 1104 1199 Sed
1145 1161 1195 1198 ut
1226 1154 1455 1197 redeamus
1500 1155 1625 1208 illuc,
1666 1169 1796 1211 quam
1834 1155 2232 1210 frequentissimam
2272 1155 2455 1198 formam
2496 1155 2612 1198 illius

500 1229 795 1275 abundantiae
833 1230 1044 1284 diximus,
1086 1245 1138 1273 ea
1161 1215 1359 1273 'multum
1397 1236 1544 1273 tamen
1586 1231 1711 1274 abest
1751 1236 1798 1273 ut
1836 1230 1968 1273 unica
1999 1231 2078 1285 sit,
2117 1236 2162 1272 et
2193 1238 2242 1274 ut
2272 1231 2316 1273 in
2348 1232 2387 1273 ai
2416 1230 2486 1274 vel
2516 1245 2612 1273 cum

500 1305 664 1350 offendi
696 1323 785 1350 non
817 1307 984 1361 debuit,
1015 1307 1078 1350 ita
1108 1322 1190 1351 nos
1222 1322 1276 1350 ne
1309 1306 1413 1349 talia
1445 1306 1619 1363 quidem
1654 1307 1890 1364 refugimus
1922 1307 2050 1363 quale
2083 1307 2167 1350 hoc
2199 1314 2266 1351 est
2297 1307 2610 1350 Petronianum

498 1398 535 1426 c.
562 1385 617 1426 25
650 1384 746 1425 hine
786 1385 912 1425 ecia-m
939 1391 1045 1441 puto
1071 1384 1342 1441 proverbium
1373 1392 1522 1426 natum
1553 1384 1686 1436 illud,
1728 1391 1778 1425 ut
1807 1385 1976 1425 dicatur
2008 1399 2130 1440 posse
2162 1392 2334 1426 taurum
2367 1385 2507 1426 tollere
2537 1385 2614 1440 qui

497 1461 679 1502 vitulum
709 1461 950 1512 sustulerit,
994 1460 1039 1501 in
1080 1459 1241 1515 quibus
1282 1459 1416 1501 verba
1447 1468 1496 1501 ut
1526 1461 1698 1501 dicatur
1727 1474 1815 1501 non
1848 1466 1988 1513 recte,
2029 1460 2280 1516 opinamur,
2311 1459 2609 1501 Buechelerus

497 1536 678 1579 seclusit
708 1542 756 1578 ut
787 1536 1007 1592 glossam,
1038 1540 1184 1579 motus
1220 1536 1292 1577 ille
1326 1535 1501 1590 quidem
1534 1534 1831 1591 discrepantia
1860 1535 2048 1591 quadam
2082 1536 2349 1592 scripturae,
2379 1535 2459 1577 sed
2491 1534 2609 1591 quod

497 1612 542 1654 in
573 1612 722 1654 multis
753 1611 876 1653 libris
908 1626 997 1653 non
1029 1620 1080 1652 ut
1108 1612 1281 1654 dicatur
1312 1611 1390 1653 sed
1420 1613 1534 1653 illud
1564 1612 1735 1652 dicatur
1772 1619 1822 1652 ut
1858 1612 2069 1666 scriptum
2099 1611 2282 1667 legitur,
2317 1626 2406 1653 non
2437 1612 2499 1652 ita
2529 1611 2612 1652 dif-

494 1686 653 1728 ficilem
686 1687 952 1743 explicatum
985 1686 1132 1728 habet.
1185 1687 1247 1728 Et
1280 1687 1407 1742 plane
1442 1686 1659 1741 comparis
1691 1686 1901 1727 orationis
1935 1686 2180 1741 exemplum
2213 1692 2335 1728 extat
2365 1687 2410 1727 in
2432 1686 2608 1742 dialogo

494 1769 647 1805 nostro
680 1777 716 1804 c.
742 1763 814 1815 26,
839 1764 889 1803 15

622 1838 743 1880 Unde
772 1840 911 1879 oritur
940 1839 1019 1880 illa
1040 1838 1174 1891 sbeda
1205 1845 1245 1880 et
1266 1845 1542 1894 praepostera
1574 1839 1647 1878 aed
1679 1846 1816 1878 tamen
1827 1837 2032 1894 frequens
2063 1839 2173 1879 sieut
2202 1838 2266 1879 hie
2297 1839 2367 1880 ela
2400 1846 2440 1879 et
2468 1838 2606 1880 eaela-

612 1915 755 1966 matio,
788 1921 838 1956 ut
866 1921 1052 1956 oratores
1083 1916 1221 1956 nostri
1251 1922 1381 1956 tenere
1411 1915 1560 1965 dicere,
1592 1914 1811 1956 histriones
1842 1914 1993 1956 diserte
2024 1915 2182 1956 saltare
2213 1915 2427 1956 dicautur.

492 1989 607 2032 Nam
640 1989 685 2032 id
719 1988 896 2046 quidem
928 1988 1119 2032 dubitari
1152 2005 1241 2032 non
1274 1989 1443 2043 debuit,
1481 1990 1586 2046 quin
1619 1989 1877 2032 exclamatio
1911 1989 2249 2046 intelligeretur,
2289 2005 2378 2045 qua
2408 1994 2604 2033 oratores

491 2073 643 2110 tenere
675 2067 838 2120 dicere,
870 2066 1104 2110 histriones
1135 2065 1298 2109 diserte
1331 2068 1490 2110 saltare
1524 2065 1783 2108 dicerentur.
1841 2064 1932 2109 Sed
1963 2065 2018 2108 de
2051 2065 2138 2108 hoc
2167 2066 2266 2108 loco
2299 2066 2485 2123 amplius
2516 2065 2604 2109 dis-

489 2143 736 2199 putandum
770 2149 850 2187 est.
903 2135 1082 2185 Etenim
1114 2143 1189 2185 illa
1220 2143 1431 2186 mendosa
1460 2145 1570 2186 sicut
1598 2144 1662 2184 his
1692 2144 1758 2184 ela
1790 2151 1841 2195 et,
1877 2143 1957 2184 etsi
1991 2157 2120 2199 saepe
2154 2158 2181 2184 a
2211 2143 2360 2185 multis
2391 2148 2605 2199 temptata

490 2225 617 2271 sunt,
652 2219 732 2273 qui
773 2219 961 2261 feliciter
1000 2219 1242 2262 restituerit
1282 2219 1477 2261 nondum
1516 2219 1716 2261 inventus
1750 2226 1826 2261 est.
1891 2219 2006 2261 Nam
2038 2226 2088 2261 ut
2119 2220 2369 2262 omittamus
2402 2220 2487 2261 alia
2518 2233 2600 2261 nec

490 2294 546 2336 ab
579 2294 777 2336 oratione
810 2308 893 2337 nec
924 2309 951 2336 a
981 2293 1182 2336 mutandi
1213 2309 1373 2351 genere
1416 2293 1799 2341 commendabilia,
1841 2294 1894 2336 L.
1929 2293 2153 2351 Schopeni
2186 2299 2479 2336 commentum
2512 2308 2600 2349 quo

487 2369 532 2410 in
571 2370 638 2411 cla
678 2370 861 2424 putabat
901 2371 1098 2411 clausula
1139 2369 1396 2411 delitescere
1439 2370 1757 2425 scripsisseque
1790 2370 1990 2411 Tacitum
2022 2369 2230 2426 frequens
2263 2402 2272 2411 .
2291 2401 2300 2410 .
2335 2370 2532 2412 clausula
2563 2377 2602 2410 et

487 2445 753 2498 exclamatio,
793 2451 861 2488 est
892 2444 1015 2487 illud·
1033 2444 1211 2500 quidem
1242 2444 1370 2486 valde
1403 2445 1651 2501 speciosum
1683 2445 1917 2500 multisque
1949 2445 2131 2502 placuit,
2168 2444 2247 2487 sed
2278 2450 2424 2486 tamen
2455 2459 2598 2500 neque

487 2520 752 2577 significatio
785 2521 908 2564 vocis
941 2521 1158 2564 curiosius
1191 2535 1378 2564 excussa
1410 2520 1466 2563 ad
1501 2521 1615 2563 hanc
1648 2522 1907 2563 sententiam
1943 2522 2087 2564 facere
2118 2521 2292 2564 videtur
2324 2522 2445 2576 (nam
2479 2522 2598 2563 clau-

483 2597 581 2638 sula
618 2611 705 2639 non
738 2596 1027 2640 iudicantium
1061 2603 1144 2650 est,
1176 2596 1255 2640 sed
1287 2597 1518 2650 orantium,
1543 2597 1621 2640 sed
1644 2598 1882 2654 agentium,
1903 2612 2046 2653 neque
2067 2598 2264 2640 clausula
2287 2602 2331 2640 et
2350 2597 2599 2639 exclamatio

484 2672 568 2715 nisi
601 2687 701 2715 cum
733 2687 894 2730 magna
925 2673 1214 2730 ambiguitate
1255 2672 1299 2714 in
1339 2688 1433 2715 eam
1477 2672 1563 2715 vim
1603 2672 1800 2729 copulari
1832 2678 2058 2729 poterant,
2098 2688 2211 2728 quae
2244 2671 2467 2728 Schopeni
2499 2686 2596 2715 sen-

482 2749 624 2791 tentia
652 2749 758 2802 fuit,
790 2754 837 2791 ut
868 2749 1126 2792 exclamatio
1158 2748 1486 2805 designaretur,
1527 2763 1662 2805 quae,
1695 2763 1793 2791 cum
1825 2748 1881 2791 ad
1911 2749 2042 2791 finem
2074 2755 2251 2791 ventum
2285 2754 2426 2801 esset,
2469 2747 2596 2790 tolle-

482 2826 623 2880 retur)
657 2840 800 2880 neque
833 2831 909 2868 aut
940 2825 1026 2881 ipsi
1048 2823 1284 2881 Schopeno
1317 2825 1504 2881 contigit
1534 2831 1611 2868 aut
1643 2825 1738 2869 aliis
1770 2826 1844 2882 qui
1878 2825 1933 2868 ab
1967 2825 2106 2881 ipsius
2138 2824 2391 2881 opinatione
2410 2824 2596 2880 profecti

483 2906 600 2953 sunt,
632 2906 682 2942 ut
713 2900 893 2956 reliquis
924 2899 1014 2943 leni
1045 2899 1216 2943 medela
1247 2901 1411 2944 curatis
1438 2901 1700 2943 concinnam
1725 2901 1966 2944 orationem
1989 2900 2106 2944 nacti
2129 2899 2475 2943 emendationem
2498 2913 2596 2955 per-

480 2975 675 3018 ficerent.
728 2975 845 3018 Nam
878 2990 992 3031 quae
1023 2975 1224 3018 scribunt
1253 2970 1364 3019 sieut
1383 2977 1496 3018 scitis
1518 2976 1586 3019 vel
1607 2978 1768 3020 saeculi
1796 2978 1922 3019 liuius
1942 2976 2012 3019 vel
2033 2977 2160 3019 uteie
2182 2977 2362 3019 dixerim
2382 2975 2592 3027 claueula,

480 3057 558 3093 aut
600 3051 748 3094 inania
790 3057 833 3094 et
873 3051 1098 3107 superflua
1137 3051 1323 3094 afferunt
1362 3058 1438 3094 aut
1476 3066 1635 3108 magno
1676 3053 1897 3095 molimine
1937 3058 2040 3095 sunt
2071 3051 2300 3108 exsculpta
2330 3066 2417 3107 quo
2450 3051 2591 3093 omnis

480 3127 760 3170 coniecturae
790 3127 1080 3182 probabilitas
1113 3128 1237 3183 perit.
1286 3128 1443 3183 Itaque
1464 3142 1544 3169 nos
1575 3129 1738 3171 omissa
1769 3129 1966 3170 clausula
1996 3127 2099 3169 inde
2129 3128 2300 3169 initium
2332 3124 2591 3173 emendandi

481 3201 681 3259 capimus
712 3209 762 3245 ut
792 3203 955 3256 clamet,
990 3202 1110 3258 quod
1141 3203 1285 3260 ipsum
1319 3209 1385 3247 est
1416 3203 1462 3245 in
1493 3202 1631 3257 libris,
1662 3204 1926 3260 primitivam
1957 3203 2093 3246 fuisse
2131 3203 2388 3259 scripturam
2428 3208 2593 3247 statua-
