3062 3903
1468 175 1495 206 ἱ)

430 291 544 336 Cum
578 293 692 336 enim
723 293 768 335 in
798 299 1004 351 promptu
1034 293 1165 336 fuerit
1196 292 1307 337 duas
1338 292 1605 336 contendere
1635 299 1752 336 artes
1786 307 1969 349 quarum
2003 293 2182 336 alteram
2215 293 2320 336 colit
2357 292 2537 336 alteram

427 369 593 412 omittit
622 369 850 412 Maternus
882 369 1040 412 iniuria
1070 368 1214 412 iudice
1248 371 1393 426 Apr0,
1434 384 1523 411 una
1565 369 1814 424 eloquentia
1853 369 1921 413 bis
1962 368 2113 412 eadem
2147 368 2536 425 comprehensione

426 458 515 486 non
563 445 690 487 valde
736 445 936 487 dissimili
973 444 1105 486 modo
1152 444 1382 498 laudatur,
1425 444 1488 486 ita
1535 450 1583 487 ut
1628 444 1917 500 aequabilitas
1959 443 2135 501 quidem
2176 443 2389 500 quaedam
2440 459 2538 488 ora-

427 521 562 563 tionis
599 521 788 578 legentis
826 521 1039 578 voluptati
1081 521 1357 564 lenocinetur
1395 519 1475 564 sed
1517 520 1659 563 acrius
1699 520 1940 563 attendenti
1981 520 2156 578 pondus
2198 520 2410 563 orationis
2451 535 2537 564 non

427 597 556 640 nimis
589 597 797 654 prudenti
829 597 1011 640 consilio
1044 597 1204 640 elevari
1236 596 1450 640 videatur.

631 674 734 716 Non
767 675 908 732 magis
940 673 1170 717 laudamus
1204 689 1315 731 quae
1348 674 1560 717 Messalla
1591 673 1698 716 dicit
1730 689 1767 729 c.
1795 675 1958 727 15‚1·2.

547 752 667 794 velim
698 753 967 809 impetratum
999 752 1051 794 ab
1081 752 1226 809 aliquo
1257 759 1440 794 vestrum
1469 759 1519 793 ut
1547 767 1699 794 causas
1737 752 1862 794 huius
1899 750 2090 805 infinitae
2121 751 2379 807 differentiae
2421 766 2537 794 scru-

548 835 657 870 tetur
696 844 746 870 ac
788 829 942 870 reddat
970 843 1080 886 quas
1110 843 1268 870 mecum
1299 830 1386 886 ipse
1409 828 1661 886 plerumque
1691 829 1891 886 conquiro
1901 844 1914 879 ‚·
1953 836 1993 870 et
2030 829 2144 885 quod
2182 829 2435 886 quibusdam
2472 843 2537 871 so-

547 905 656 947 lacio
686 913 758 958 est,
791 906 895 960 mihi
921 913 1047 962 auqet
1076 907 1374 961 quaestionem,
1405 907 1508 962 quia
1541 906 1656 947 video
1687 907 1812 947 etiam
1841 903 2015 948 Graecis
2046 906 2258 957 accidisse,
2292 914 2339 947 ut
2370 907 2536 962 longius

545 979 658 1023 absit
676 981 731 1022 ab
751 981 956 1023 Aeschine
977 989 1017 1023 et
1035 981 1303 1023 Demosthene
1324 981 1531 1024 Sacerdos
1551 983 1626 1023 iste
1647 980 1814 1022 Nicetes
1845 988 1885 1022 et
1913 982 1951 1021 si
1979 982 2075 1038 quis
2096 982 2208 1022 alius
2234 982 2442 1038 Ephesum
2473 982 2539 1022 vel

544 1058 775 1114 Mytilenas
806 1065 1005 1100 concentu
1036 1058 1376 1099 scholasticorum
1406 1065 1446 1098 et
1475 1057 1726 1099 clamoribus
1757 1058 1914 1113 quatit,
1947 1072 2077 1113 quam
2110 1058 2214 1111 Aser
2249 1065 2329 1098 aut
2360 1058 2394 1099 Α
2394 1058 2535 1110 Jiw'ca-

545 1149 628 1174 nus
658 1141 735 1174 aut
764 1148 833 1174 vos
864 1135 950 1188 ipsi
978 1149 1005 1174 a
1042 1133 1237 1175 Cicerone
1268 1141 1346 1173 aut
1376 1133 1527 1174 Asinio
1558 1123 1791 1174 recessistis.

424 1206 562 1252 Nullo
595 1208 708 1252 enim
741 1215 873 1266 pacto
907 1209 1278 1265 comparationem
1310 1209 1429 1251 illam
1463 1207 1660 1252 Graecos
1693 1209 1807 1252 inter
1839 1214 1883 1251 et
1914 1208 2137 1251 Romanos
2176 1217 2369 1252 oratores
2408 1211 2534 1252 insti-

423 1290 563 1327 tutam
607 1291 789 1342 coeptae
832 1286 1019 1328 orationi
1050 1287 1166 1328 video
1198 1287 1323 1327 etiam
1362 1284 1536 1330 Graecis
1576 1286 1777 1328 accidisse
1818 1286 2050 1340 aptaveris.
2115 1285 2272 1341 Neque
2316 1301 2418 1328 vero
2459 1287 2534 1342 qui

424 1361 696 1404 emendando
730 1377 858 1417 opem
890 1363 1003 1403 ferre
1036 1362 1205 1404 studuit
1236 1361 1506 1417 transposita
1537 1364 1663 1403 etiam
1694 1361 1913 1417 particula
1955 1368 2054 1402 ante
2100 1363 2264 1418 lonqius
2304 1369 2533 1405 assecutus

426 1442 493 1480 est
525 1437 645 1493 quod
677 1437 828 1490 voluit,
868 1444 911 1479 et
943 1446 1126 1494 apparet
1158 1438 1363 1494 scriptori
1402 1437 1505 1479 dum
1547 1438 1751 1494 astringit
1794 1439 2036 1480 orationem
2078 1454 2165 1480 non
2207 1439 2444 1496 contigisse
2485 1445 2534 1481 ut

427 1514 575 1555 sensui
608 1515 744 1556 verba
775 1515 993 1570 probabili
1024 1516 1192 1556 ratione
1227 1521 1501 1569 exaequaret.

629 1589 719 1633 Sed
751 1591 964 1646 insignius
996 1590 1242 1645 exemplum
1275 1591 1387 1632 male
1420 1592 1688 1646 compositae
1720 1575 1930 1632 orationis
1964 1592 2048 1632 hoc
2081 1598 2161 1632 est.
2216 1592 2339 1647 Aper
2360 1599 2534 1647 postea-

424 1680 555 1721 quam
587 1666 642 1709 de
674 1667 879 1710 universa
908 1667 1112 1722 antiquae
1135 1667 1410 1723 eloquentiae
1442 1683 1575 1709 causa
1607 1675 1649 1709 et
1681 1667 1941 1709 condicione
1975 1669 2193 1723 exposuit,
2226 1683 2261 1709 c.
2288 1670 2339 1710 21
2382 1668 2436 1710 ad
2469 1670 2532 1710 in·

424 1742 694 1787 simulandos
735 1743 986 1801 singulatim
1026 1750 1196 1786 veteres
1238 1750 1434 1787 oratores
1474 1745 1536 1786 ita
1574 1760 1620 1786 se
1652 1745 1730 1787 dat
1772 1750 1821 1786 ut
1864 1759 2046 1787 exorsus
2085 1760 2111 1786 a
2144 1744 2282 1787 Calvo
2324 1745 2530 1802 deinceps

424 1817 637 1874 Caelium,
671 1819 918 1873 Caesarem,
952 1820 1153 1873 Brutum,
1186 1822 1402 1874 Asinium,
1436 1820 1675 1864 Corvinum
1716 1822 1923 1878 exagitet,
1964 1821 2152 1877 denique
2193 1821 2249 1863 ad
2280 1822 2423 1877 ipsum
2457 1820 2532 1864 Ci-

423 1910 626 1941 ceronem
644 1897 937 1955 aggrediatur.
986 1896 1069 1942 Cui
1087 1897 1374 1953 disputationi
1392 1896 1656 1954 respondens
1674 1897 1889 1942 Messalla
1910 1898 1978 1941 his
2001 1899 2145 1941 verbis
2169 1900 2307 1940 utitur
2328 1914 2365 1940 c.
2379 1900 2527 1951 2629.

542 1974 635 2032 qu
666 1981 804 2018 autem
835 1974 1098 2032 expectabam
1133 1968 1190 2017 ἀι’
1210 1976 1403 2018 incusato
1435 1974 1583 2018 Asinio
1614 1983 1658 2017 et
1684 1974 1826 2019 Caelio
1857 1984 1897 2019 et
1920 1975 2048 2019 Calvo
2078 1976 2204 2018 aliud
2233 1976 2351 2018 nobis
2380 1991 2529 2031 aqmen

536 2052 790 2108 produceret
800 2052 1031 2108 pluresque
1061 2052 1126 2094 vel
1153 2059 1259 2094 certe
1282 2052 1446 2094 totidem
1479 2053 1723 2104 nominaret,
1756 2067 1806 2094 ex
1830 2052 1982 2108 quibus
2002 2052 2138 2094 alium
2163 2052 2362 2103 Ciceroni,
2394 2052 2530 2094 «lium

538 2126 737 2180 Caesari,
780 2128 960 2184 sinqulis
992 2128 1142 2170 deinde
1171 2128 1360 2184 sinqulos
1390 2141 1708 2184 opponeremus‚·
1748 2144 1862 2170 nunc
1901 2128 2142 2170 detrectasse
2172 2129 2420 2169 nominatim
2450 2143 2529 2169 an-

545 2204 679 2259 tiquos
709 2210 893 2246 oratores
932 2210 1148 2246 contentus
1180 2204 1384 2246 neminem
1417 2204 1675 2260 sequentium
1718 2204 1899 2246 laudare
1929 2219 2060 2245 ausus
2097 2212 2157 2245 est
2193 2205 2280 2245 nisi
2314 2205 2359 2244 in
2385 2203 2528 2259 publi-

542 2295 637 2321 cum
670 2287 710 2321 et
737 2281 784 2321 in
816 2294 1043 2322 commune.

423 2355 527 2401 Non
559 2355 819 2414 ambigimus
852 2354 906 2398 de
939 2355 1155 2399 sententia
1177 2371 1320 2412 neque
1346 2362 1519 2413 praeter
1541 2355 1800 2400 Ciceronem
1826 2363 1871 2400 ct
1893 2356 2127 2400 Caesarem
2150 2357 2325 2400 tertium
2349 2356 2529 2412 requiri-

423 2448 519 2477 mus
552 2432 755 2486 Brutum,
788 2447 916 2488 quem
950 2432 1033 2476 hac
1075 2433 1215 2476 forma
1252 2434 1388 2476 alium
1419 2433 1555 2475 Bruto
1600 2432 1788 2476 medium
1833 2433 1947 2476 inter
1987 2433 2098 2476 duos
2135 2433 2354 2490 interponi
2387 2432 2527 2489 Spen-

421 2510 563 2568 gelius
585 2515 806 2560 suaserat3
836 2508 912 2552 sed
936 2508 1020 2552 hoc
1040 2509 1305 2552 admiramur
1325 2509 1542 2566 placuisse
1565 2509 1767 2565 scriptori
1790 2509 1906 2552 illam
1929 2509 2153 2552 nominum
2175 2509 2361 2566 exempli
2394 2524 2523 2552 causa

421 2587 664 2644 positorum
698 2586 742 2628 in
763 2591 956 2641 utraque>
970 2592 1094 2642 parte
1126 2586 1369 2629 sententiae
1401 2586 1655 2628 varietatem
1677 2586 1733 2629 ab
1755 2586 1957 2629 instituta
1978 2586 2144 2628 ratione
2166 2586 2294 2642 plane
2326 2586 2523 2628 alienam.

420 2663 602 2706 Poterat
633 2663 834 2704 universe
855 2662 975 2717 loqui
1008 2669 1056 2704 ut
1088 2663 1149 2704 ita
1173 2661 1337 2705 diceret
1368 2660 1668 2718 ‘expectabam
1701 2669 1750 2705 ut
1781 2663 1991 2705 incusatis
2025 2662 2247 2705 veteribus
2279 2662 2526 2704 oratoribus

421 2739 570 2795 plures
594 2739 662 2780 vel
684 2738 867 2780 totidem
890 2739 1128 2781 recentium
1151 2739 1410 2791 nominaret,
1437 2754 1489 2780 ex
1516 2738 1672 2792 quibus
1696 2738 1825 2780 alium
1850 2737 2069 2791 Ciceroni,
2092 2738 2224 2780 alium
2247 2737 2424 2780 Caesari
2448 2753 2525 2793 op-

420 2813 710 2872 poneremus'.
761 2813 852 2858 Sed
881 2814 917 2857 si
948 2814 1124 2857 nomina
1145 2820 1353 2871 posuerat
1373 2829 1514 2870 pauca
1535 2813 1589 2856 de
1610 2813 1810 2870 pluribus
1833 2814 1996 2857 selecta
2016 2815 2059 2857 in
2082 2814 2226 2870 priore
2246 2821 2369 2870 parte
2391 2829 2527 2856 enun-

420 2891 533 2944 tiati,
555 2889 706 2933 eadem
728 2890 866 2932 teneri
888 2905 968 2947 par
990 2896 1083 2932 erat
1104 2889 1147 2932 in
1171 2890 1309 2933 altera
1339 2904 1481 2947 neque
1513 2890 1568 2933 ab
1600 2890 1652 2933 iis
1675 2889 1851 2933 diversa
1882 2889 2036 2944 afferri,
2071 2896 2147 2933 aut
2168 2896 2286 2934 certe
2319 2890 2355 2934 si
2377 2890 2421 2933 in
2444 2889 2526 2933 hac

421 2967 558 3010 altera
590 2972 715 3023 parte
748 2966 976 3009 Ciceronis
1009 2973 1053 3008 et
1085 2965 1288 3010 Caesaris
1320 2967 1566 3023 principum
1599 2972 1820 3010 oratorum
1851 2967 2028 3010 nomina
2060 2965 2296 3010 desiderari
2318 2965 2457 3022 probo
2480 2964 2525 3008 id

420 3042 596 3099 quidem
619 3043 802 3085 consilio
835 3043 990 3096 noluit,
1022 3043 1132 3085 haec
1166 3042 1318 3085 eadem
1352 3043 1651 3099 superioribus
1682 3042 1768 3085 illis
1797 3042 1898 3085 addi
1931 3049 2005 3085 aut
2028 3044 2246 3100 praemitti
2278 3042 2523 3099 oportebat.

627 3119 916 3176 Diligentiam
949 3118 1125 3175 quidem
1157 3119 1369 3162 sermonis
1404 3120 1662 3176 requirimus
1697 3121 1829 3162 etiam
1861 3121 1904 3162 in
1936 3121 1990 3163 iis
2022 3135 2134 3176 quae
2166 3120 2279 3162 idem
2313 3119 2525 3162 Messalla

419 3212 457 3239 c.
482 3197 554 3250 25,
577 3197 630 3238 *27
665 3195 787 3249 dicit,
820 3196 893 3250 qui
927 3196 1001 3238 ubi
1035 3194 1237 3250 Calvum,
1269 3197 1486 3250 Asinium,
1518 3196 1767 3249 Caesarem,
1799 3196 2010 3249 Caelium,
2038 3197 2237 3247 Brutum,
2264 3195 2524 3238 Ciceronem
