3062 3903
1543 171 1571 217 8

494 304 568 347 hoc
591 303 742 347 Stoicis
763 318 925 361 quoque
938 303 1110 361 placere
1131 304 1363 358 ostendam,
1395 319 1479 348 non
1499 305 1600 362 quia
1632 304 1739 347 milii
1768 304 1894 362 leqem
1925 304 2105 347 dixerim
2136 304 2246 347 nihil
2272 310 2421 348 contra
2453 304 2614 348 dictum

497 382 680 423 Zenonis
716 380 992 437 Chrysippive
1022 382 1273 422 committere
1304 382 1377 422 sed
1405 383 1507 437 quia
1540 396 1606 422 res
1635 383 1730 437 ipsa
1756 382 1930 437 patitur
1959 395 2024 423 me
2059 382 2121 423 ire
2156 382 2203 423 in
2239 382 2413 424 illorum
2455 389 2618 423 senten-

500 460 622 500 tiam:
660 472 791 514 quam
827 458 866 498 si
901 458 998 514 quis
1037 470 1197 514 semper
1227 459 1355 500 unius
1386 460 1597 514 sequitur,
1640 472 1723 500 non
1761 459 1809 499 in
1846 459 1970 500 curia
2009 459 2081 500 sed
2118 459 2166 500 in
2187 456 2380 513 factione
2416 465 2496 511 est,
2538 457 2616 501 ubi

500 531 654 575 eadem
687 532 929 576 offensione
969 532 1130 576 ductus
1162 532 1441 590 Madvigius,
1486 549 1584 577 cum
1624 534 1793 589 reliqua
1834 538 1953 576 recte
1995 533 2272 588 emendaret,
2312 550 2443 591 quam
2482 548 2629 592 prave*

499 608 544 651 in
582 624 704 662 nam,
736 607 933 652 deterius
967 608 1099 652 etiam
1133 607 1342 653 Gertzius
1375 609 1419 653 in
1450 611 1653 667 quoniam
1685 609 1891 662 mutavit3
1933 615 1978 653 et
2016 608 2103 653 dici
2143 609 2216 652 vix
2255 615 2404 667 potest
2443 609 2617 667 quoties

499 684 569 727 vel
607 701 632 728 a
664 684 930 729 doctissimis
964 686 1008 728 in
1039 687 1298 744 pronomine
1329 686 1514 729 relativo
1547 691 1776 744 peccetur,
1819 685 1944 729 cuius
1975 700 2082 729 usus
2121 685 2256 735 habet
2286 685 2499 743 quasdam
2531 685 2620 729 sin-

500 763 674 820 gulares
716 778 768 806 ac
800 762 1118 808 reconditiores
1150 765 1329 818 formas,
1361 763 1648 807 declarandas
1681 762 1929 819 aliquando.
2052 764 2192 807 Porro
2225 763 2332 807 nihil
2364 764 2518 808 salutis
2550 769 2617 808 at-

499 840 697 883 tulerunt
730 839 1006 883 coniecturae
1036 840 1182 884 verbis
1217 840 1457 884 sanissimis
1491 856 1526 883 c.
1556 842 1624 894 10,
1648 840 1702 884 38

621 932 672 959 ne
703 918 764 959 ad
793 917 905 959 illud
935 918 1104 975 quidem
1136 916 1358 975 cotifuqere
1372 920 1509 975 possis
1538 918 1652 976 quod
1676 918 1889 975 plerisque
1902 918 2204 974 patrocinatur
2226 926 2441 976 tamquam
2474 919 2616 960 minus

620 995 845 1037 obnoxium
887 996 943 1036 sit
979 994 1156 1049 offensae
1188 1003 1406 1051 poetarum
1445 1011 1577 1051 quam
1620 1003 1836 1037 oratorum
1875 994 2088 1036 studium:
2136 994 2361 1049 effervescet
2398 997 2509 1037 enim
2554 996 2616 1037 vis

614 1070 928 1126 pulcherrimae
960 1078 1143 1113 naturae
1177 1078 1271 1113 tuae
1304 1085 1373 1113 nec
1398 1086 1480 1126 pro
1513 1072 1646 1113 amico
1677 1072 1821 1127 aliquo
1853 1071 1942 1122 sed,
1975 1070 2091 1126 quod
2114 1071 2393 1126 periculosius
2423 1079 2502 1124 est,
2539 1085 2618 1127 pro

626 1147 782 1189 Catone
820 1146 1010 1201 offendes.
1054 1163 1127 1190 nec
1166 1156 1390 1190 excusatur
1430 1146 1583 1202 offensa
1616 1148 1916 1190 necessitudine
1954 1146 2083 1200 officii
2111 1155 2191 1189 aut
2211 1146 2301 1200 fide
2331 1148 2619 1190 advocationis

621 1232 700 1266 aut
717 1222 926 1277 fortuitae
955 1232 996 1267 et
1024 1224 1186 1267 subitae
1218 1225 1412 1267 dictionis
1442 1226 1620 1281 impetu:
1650 1225 1875 1267 meditatus
1906 1223 2061 1266 videris
2092 1232 2172 1265 aut
2202 1224 2368 1280 eleqisse
2388 1239 2619 1281 personam

623 1301 847 1344 notabilem
879 1309 920 1344 et
949 1317 1045 1344 cum
1076 1303 1325 1344 auctoritate
1355 1302 1581 1343 dicturam.
2024 1353 2030 1360 ,

503 1378 608 1422 Sive
642 1379 756 1421 enim
787 1379 1016 1421 ‘meditatus
1047 1379 1160 1421 ultro
1191 1380 1356 1435 eleyisse
1387 1378 1442 1421 de
1478 1378 1703 1434 Schopeni
1736 1378 1989 1434 opinatione
2022 1377 2250 1433 scripseris
2289 1377 2381 1421 sive
2413 1378 2498 1420 alio
2531 1393 2618 1434 quo

501 1454 633 1497 modo
666 1456 895 1497 ‘meditatus
928 1456 1095 1512 eleqisse
1127 1455 1263 1498 verba
1294 1455 1504 1508 iunxeris‚
1536 1454 1748 1497 inutiliter
1781 1453 1972 1512 eligendi
2003 1454 2124 1496 notio
2154 1460 2363 1496 oneratur
2394 1461 2438 1496 et
2460 1454 2620 1497 utrius-

503 1546 587 1586 que
628 1531 694 1574 vis
735 1532 857 1576 verbi
897 1532 1025 1574 valde
1064 1532 1331 1588 infringitur,
1368 1538 1543 1586 praeter
1583 1531 1810 1587 scriptoris
1852 1530 2101 1583 consilium,
2143 1530 2218 1586 qui
2260 1529 2375 1572 hane
2413 1530 2619 1573 subtilem

503 1608 842 1651 concinnitatem
876 1614 1071 1653 sectatus
1105 1615 1185 1661 est,
1218 1613 1267 1651 ut
1291 1608 1512 1651 meditatus
1534 1624 1619 1650 vox
1632 1606 1839 1662 fortuitae
1870 1614 1909 1650 et
1938 1607 2098 1650 subitae
2119 1607 2305 1660 dictioni,
2326 1607 2623 1651 necessitudini

502 1690 649 1727 autem
681 1684 811 1739 officii
843 1692 887 1728 et
918 1686 1208 1728 advocationis
1227 1683 1336 1738 fidei
1366 1691 1694 1741 opponerentur
1716 1684 1849 1727 verba
1871 1685 2034 1742 eleyisse
2049 1698 2286 1741 personam.
2356 1682 2493 1727 Plane
2516 1699 2620 1727 vero

507 1760 686 1819 egregia
718 1767 820 1804 sunt
852 1760 988 1804 verba
1019 1760 1178 1817 quibus
1213 1775 1317 1803 suae
1350 1760 1535 1803 orationi
1566 1759 1697 1802 finem
1729 1759 1915 1817 imponit
1945 1758 2176 1803 Maternus
2210 1773 2246 1802 c.
2276 1759 2344 1813 13,
2367 1759 2423 1802 25

626 1852 713 1881 non
746 1853 807 1881 me
831 1837 1038 1892 fremitus
1069 1839 1351 1881 salutantium
1392 1851 1466 1880 nec
1505 1837 1712 1880 anhelans
1755 1837 1925 1880 libertus
1955 1837 2123 1890 excitet,
2163 1850 2237 1879 nec
2273 1837 2456 1880 incertus
2475 1835 2625 1891 futuri

628 1922 915 1959 testamentum
939 1929 1021 1972 pro
1046 1916 1226 1972 piqnore
1256 1914 1452 1968 scribam,
1486 1929 1558 1957 nec
1584 1915 1686 1971 plus
1711 1914 1899 1967 habeam,
1932 1928 2061 1971 quam
2082 1914 2195 1971 quod
2207 1914 2370 1970 possim
2401 1915 2473 1957 cui
2503 1914 2623 1957 velim

624 1992 879 2051 relinquere:
917 1991 1172 2050 quandoque
1207 1991 1319 2034 enim
1346 1989 1507 2046 saazlis
1546 1997 1584 2033 et
1620 2005 1734 2033 oileus
1774 1989 1860 2034 dies
1891 1990 2034 2033 veniat
2062 1995 2314 2048 statuarque
2347 1990 2505 2033 tumulo
2537 2003 2622 2033 non

625 2076 807 2111 maestus
838 2076 878 2111 et
906 2076 1030 2112 atroa·
1060 2068 1133 2112 sed
1160 2068 1312 2111 hilaris
1342 2075 1382 2111 et
1411 2074 1637 2111 coronatus
1668 2074 1708 2109 et
1729 2081 1810 2124 pro
1846 2067 2054 2110 memoria-
2074 2067 2156 2109 mei
2184 2081 2258 2110 nec
2288 2066 2483 2110 consulat
2505 2067 2622 2124 quis-

625 2159 754 2201 quam
788 2158 861 2188 nec
894 2152 1020 2202 roqet.

503 2220 564 2263 Et
596 2226 742 2263 tamen
773 2221 1019 2278 importune
1052 2226 1369 2277 attemptantur
1400 2235 1425 2261 a
1459 2220 1643 2261 criticis:
1689 2233 1770 2261 nos
1812 2218 1919 2260 nihil
1958 2218 2002 2259 in
2035 2218 2088 2261 iis
2122 2218 2387 2260 mutavimus
2421 2224 2496 2260 aut
2528 2215 2641 2261 mu-¹

505 2298 589 2338 tari
622 2303 826 2354 oportere
859 2297 1164 2351 concedimus,
1197 2296 1274 2338 sed
1315 2295 1627 2353 distinguendo
1672 2310 1847 2337 sensum
1880 2295 2127 2351 patefacere
2161 2294 2430 2347 studuimus,
2463 2299 2506 2335 et
2538 2294 2623 2337 hoc

506 2388 603 2415 esse
635 2375 914 2415 manifestum
947 2379 1174 2430 putamus,
1215 2373 1290 2413 illa
1328 2387 1442 2414 'meus
1474 2374 1562 2413 dies
1599 2374 1740 2413 veniat
1777 2368 2025 2429 statuarque
2064 2372 2223 2412 tumulo
2255 2385 2343 2411 uon
2375 2371 2624 2427 posse‘nisi

506 2465 604 2492 cum
637 2450 798 2507 insigni
831 2450 1073 2492 sententiae
1106 2449 1368 2492 detrimento
1402 2449 1587 2506 seiungi.

711 2528 772 2569 At
804 2534 908 2570 sunt
939 2527 1024 2570 alia
1060 2527 1104 2569 in
1138 2527 1297 2584 quibus
1331 2526 1434 2568 olim
1467 2531 1585 2568 certa
1618 2525 1885 2567 divinatione
1914 2540 2063 2567 verum
2094 2529 2397 2582 recuperatum
2430 2529 2512 2578 est,
2544 2524 2623 2567 sed

504 2604 637 2647 hodie
671 2620 814 2647 errare
847 2604 1014 2647 malunt
1047 2611 1091 2646 et
1122 2604 1299 2662 ingenio
1332 2603 1558 2661 indulgere
1592 2618 1721 2660 quam
1754 2603 1916 2660 optime
1948 2602 2138 2644 inventis
2169 2602 2246 2643 uti.
2308 2602 2425 2644 Nam
2456 2607 2623 2644 certum

505 2688 572 2724 est
605 2681 725 2736 quod
756 2682 808 2723 F.
843 2681 1040 2724 Ritterus
1072 2681 1266 2723 restituit
1297 2681 1340 2721 in
1372 2681 1564 2722 Materni
1597 2681 1791 2721 oratione
1825 2694 1861 2721 c.
1890 2682 1957 2731 11,
1985 2682 2037 2721 19

624 2774 727 2799 nam
757 2765 913 2800 statum
945 2759 1146 2813 cuiusque
1176 2773 1228 2799 ac
1259 2758 1520 2799 securitatem
1563 2756 1711 2798 melius
1748 2757 1990 2798 innocentia
2033 2762 2174 2798 tuetur
2205 2770 2333 2811 quam
2369 2756 2620 2811 eloquentia,

625 2848 702 2875 nec
739 2848 878 2875 vereor
916 2849 966 2875 ne
1004 2833 1110 2875 milti
1147 2849 1347 2890 umquam
1383 2832 1508 2875 verba
1545 2833 1593 2873 in
1632 2840 1781 2874 senatu
1818 2832 1903 2874 nisi
1932 2846 2015 2888 pro
2054 2831 2232 2873 alterius
2275 2830 2520 2873 discrimine
2538 2829 2625 2885 fa-

627 2910 775 2950 cienda
809 2911 907 2951 sint.

503 2985 643 3029 Recte
677 2986 791 3028 enim
833 2992 876 3028 et
908 2986 1108 3042 apposite
1140 2985 1371 3027 Maternus
1410 2985 1464 3027 ab
1505 2984 1710 3027 universa
1751 2984 1970 3026 sententia
2003 2982 2060 3024 ad
2092 2988 2231 3025 semet
2263 2983 2408 3038 ipsum
2442 2988 2484 3024 et
2516 2982 2619 3038 quid

505 3062 598 3106 sibi·
611 3062 804 3105 futurum
826 3067 974 3118 speret
996 3060 1292 3120 progreditur,
1326 3067 1368 3103 et
1393 3059 1512 3117 quod
1533 3060 1699 3103 librarii
1732 3066 1846 3102 tueor
1877 3059 2146 3116 scripserunt
2167 3072 2247 3115 pro
2279 3065 2431 3111 tuetur,
2464 3072 2621 3116 nempe

506 3138 661 3180 eodem
712 3153 858 3180 errore
898 3139 943 3179 in
982 3138 1247 3180 contrarium
1287 3142 1522 3194 peccantes
1562 3137 1696 3189 e.33,
1723 3137 1776 3177 18
1816 3136 1981 3177 videtur
2019 3139 2251 3177 exararunt
2290 3149 2369 3191 pro
2411 3149 2462 3177 eo
2504 3135 2623 3191 quod

506 3221 599 3257 erat
630 3216 781 3257 videor.
895 3216 963 3257 Ac
1003 3214 1173 3272 pridem
1212 3214 1440 3257 verissima
1481 3212 1733 3255 coniectura
1772 3210 1850 3254 sed
1890 3210 1999 3253 adeo
2042 3217 2190 3267 spreta
2231 3210 2286 3253 ab
2328 3212 2531 3254 omnibus
2572 3217 2623 3253 ut
