3062 3903
1585 164 1616 210 4

536 299 700 343 iudicio
722 313 1021 356 repugnamus
1044 303 1121 341 aut
1143 295 1464 354 interpretandi
1493 295 1691 340 artificiis
1713 294 1864 345 fallere
1885 292 2103 337 inscitiam
2126 294 2338 339 orationis
2360 294 2657 349 studebimus3

541 375 621 420 sed
652 375 758 419 dnm
789 375 980 417 fatemur
1012 389 1101 417 non
1132 372 1342 416 laudabili
1376 372 1508 415 modo
1540 372 1715 414 misceri
1748 377 1793 413 et
1823 371 1868 412 in
1900 384 2036 413 unum
2069 371 2251 414 conflari
2283 372 2524 416 sententias
2547 371 2657 415 duas

543 467 653 508 quas
686 466 819 507 aegre
853 450 1078 502 concilies,
1109 450 1254 504 ipsum
1286 450 1539 491 incusamus
1572 449 1844 503 scriptorem,
1877 460 2021 501 neque
2054 445 2316 489 adducimur
2344 453 2395 490 ut
2415 454 2558 490 ratum
2580 447 2658 490 ha-

541 527 725 571 beamus
758 524 901 568 audax
932 524 1051 568 illius
1083 525 1164 566 viri
1198 524 1317 567 docti
1351 539 1562 567 conamen
1593 523 1743 566 multis
1774 522 2029 578 probatum,
2071 537 2159 577 quo
2202 538 2301 566 cum
2342 524 2452 566 haec
2490 531 2659 566 tantum

542 603 700 647 Tacito
731 602 953 656 relinquat
986 608 1075 643 tum
1104 601 1178 643 ille
1208 599 1348 657 ‘leqes'
1377 597 1519 657 inquit
1548 597 1597 641 ‘si
1617 600 1784 642 libuerit
1813 607 1855 640 et
1881 613 2079 655 agnosces
2105 614 2214 656 quae
2234 601 2409 653 audisti,
2438 600 2661 657 cogitandi

543 679 720 736 quidem
758 677 983 722 severitati
1022 682 1142 721 recte
1176 677 1397 720 consuluit
1437 676 1515 720 sed
1555 676 1761 719 damnum
1802 674 1962 718 damno
2000 690 2208 731 reparans
2251 677 2379 720 simul
2419 677 2557 720 verba
2586 676 2661 719 illa

546 757 653 815 quid
683 756 908 799 Maternus
947 754 1029 797 sibi
1067 754 1256 797 debuerit
1293 754 1444 812 gravia
1485 760 1530 796 et
1570 753 1684 796 hanc
1714 753 1856 795 lenem
1886 752 2079 796 Materni
2122 752 2467 810 indignationem
2507 753 2661 797 eximie

545 833 747 876 decentia
779 831 970 874 sustulit.
1020 831 1082 873 Et
1114 831 1219 887 quid
1253 838 1454 886 exempta
1485 831 1605 873 levat
1634 829 1770 885 spinis
1797 828 1851 871 de
1874 828 2074 885 pluribus
2105 829 2222 871 una?
2255 829 2368 872 Cum
2402 832 2514 873 enim
2538 832 2661 887 Aper

545 924 792 953 sermonem
826 908 1052 965 excipiens
1084 908 1129 950 in
1161 907 1278 950 hunc
1310 906 1486 950 modum
1519 907 1651 949 verba
1684 906 1833 949 faciat:
2202 956 2205 959 .
2478 900 2481 902 ’

661 986 780 1028 Adeo
815 993 851 1027 te
884 985 1124 1041 trayoediae
1155 985 1260 1025 istae
1292 998 1378 1026 non
1409 985 1573 1025 satiant
1603 997 1685 1039 quo
1729 984 1870 1024 minus
1901 983 2065 1024 omissis
2096 984 2334 1025 orationum
2365 991 2405 1026 et
2434 999 2662 1026 causarum

664 1062 818 1103 studiis
848 1075 969 1103 omne
1002 1067 1158 1116 tempus
1188 1060 1310 1102 modo
1341 1060 1455 1101 circa
1488 1059 1704 1110 Medeam,
1743 1073 1830 1100 ecce
1868 1074 1984 1099 nunc
2014 1059 2128 1100 circa
2167 1057 2384 1116 Thyestem
2416 1075 2659 1102 consumas:

665 1152 762 1180 cum
795 1144 831 1178 te
865 1144 921 1178 tot
951 1137 1186 1179 amicorum
1217 1149 1385 1187 causae,
1419 1141 1476 1177 tot
1506 1135 1770 1177 coloniarum
1791 1142 1832 1176 et
1849 1135 2180 1190 municipiorum
2212 1135 2425 1178 clientelae
2455 1137 2500 1177 in
2510 1135 2661 1188 forum

665 1220 820 1266 vocent,
853 1212 1007 1270 quibus
1036 1213 1108 1254 vim
1138 1208 1346 1265 suffeceris
1378 1211 1504 1252 etiam
1544 1211 1584 1252 si
1621 1224 1704 1252 non
1737 1224 1890 1252 novum
1924 1209 1999 1252 tibi
2027 1211 2114 1267 ipse
2149 1211 2357 1267 neqotium
2395 1212 2662 1268 importasses

665 1290 903 1332 Domitium
934 1297 973 1331 et
1008 1288 1224 1341 Catonem,
1255 1289 1304 1328 id
1334 1295 1395 1329 est
1424 1295 1591 1329 nostras
1623 1301 1785 1344 quoque
1816 1287 2013 1329 historias
2042 1294 2083 1329 et
2112 1287 2307 1329 Romana
2331 1290 2503 1331 nomina
2529 1286 2662 1331 Grae-

668 1366 861 1409 culorum
881 1365 1051 1418 fabulis
1082 1379 1349 1421 aqqreyares,

547 1443 754 1485 miramur
796 1455 948 1484 rursus
988 1440 1104 1483 hanc
1145 1440 1388 1482 orationem
1429 1453 1510 1482 nec
1548 1439 1690 1495 ipsam
1731 1437 1969 1495 prudenter
2008 1438 2298 1495 compositam
2345 1446 2389 1482 et
2420 1455 2572 1496 parum
2606 1439 2662 1482 ad

543 1518 740 1563 Materni
773 1532 1017 1562 sermonem
1051 1515 1438 1560 accommodatam.
1504 1515 1618 1558 Nam
1661 1515 1696 1557 si
1737 1514 1915 1558 nolebat
1948 1516 2067 1570 Aper
2101 1514 2220 1571 quod
2260 1516 2420 1559 licebat
2460 1517 2660 1559 universe

544 1594 667 1651 loqui
691 1592 902 1651 (omissis
924 1592 1171 1636 orationum
1195 1590 1353 1634 studiis
1377 1606 1503 1633 omne
1525 1597 1698 1648 tempus
1721 1591 1838 1634 circa
1857 1591 2030 1636 fabulas
2054 1590 2341 1648 consumas-²),
2363 1591 2441 1636 sed
2463 1592 2664 1649 exempla

545 1684 709 1729 ponere
743 1670 909 1724 maluit,
942 1683 1030 1711 non
1063 1668 1258 1712 Medeam
1289 1673 1466 1725 praeter
1506 1667 1757 1724 opinionem
1794 1666 1937 1711 afferri
1979 1666 2057 1711 sed
2099 1667 2197 1724 ipso
2229 1666 2416 1712 ducente
2449 1668 2662 1712 sermonis

547 1749 702 1790 itinere
722 1748 922 1791 Catonem
940 1760 1038 1789 cum
1062 1745 1232 1802 Thyeste
1251 1744 1444 1802 copulari
1461 1744 1695 1801 oportebat
1718 1740 1886 1800 (‘modo
1903 1744 2020 1787 circa
2036 1742 2266 1799 Catonem,
2284 1759 2385 1788 ecce
2407 1760 2525 1788 nunc
2547 1745 2663 1789 circa

548 1823 850 1882 Thyestem').
905 1822 1023 1865 Dein
1055 1821 1172 1865 idem
1200 1821 1371 1864 extollit
1402 1836 1630 1865 causarum
1664 1820 2000 1876 multitudinem,
2033 1836 2143 1878 quae
2166 1822 2417 1866 Maternum
2450 1823 2493 1865 in
2520 1823 2661 1866 forum

544 1908 721 1955 vocent,
752 1900 912 1958 quibus
944 1899 1017 1942 ille
1049 1899 1123 1940 vix
1154 1914 1235 1956 par
1267 1913 1365 1941 esse
1398 1899 1539 1955 possit
1572 1898 1741 1941 etiamsi
1776 1925 1822 1930 —
1863 1898 1960 1955 quis
1994 1914 2082 1942 non
2115 1899 2414 1958 expectaverit
2441 1899 2659 1943 dicturum

546 1980 682 2021 fuisse
713 1976 874 2019 ‘nullas
907 1976 1160 2034 tragoedias
1192 1975 1364 2029 faciat',
1402 1976 1473 2017 ille
1515 1991 1620 2018 vero
1661 1976 1722 2017 ait
1761 1973 1947 2018 ‘etiamsi
1988 1990 2076 2018 non
2107 1975 2332 2020 Romanas
2367 1975 2553 2021 Graecis
2585 1991 2661 2035 ag·-

544 2070 731 2113 gregare
764 2054 935 2096 fabulas
967 2052 1237 2095 instituerit'.
1303 2051 1441 2105 Quasi
1475 2067 1580 2094 vero
1612 2052 1842 2094 Maternus
1883 2053 2039 2095 melius
2078 2054 2183 2096 satis
2224 2055 2367 2096 facere
2405 2055 2568 2097 forensi
2599 2055 2660 2097 la·

545 2132 641 2175 bori
673 2138 842 2185 posset,
875 2130 913 2171 si
944 2144 1024 2184 pro
1055 2129 1345 2184 praetextatis
1380 2127 1574 2170 Graecas
1607 2128 1857 2185 tragoedias
1891 2124 2185 2184 componeret.
2239 2129 2405 2172 Verum
2437 2129 2548 2173 haec
2579 2145 2660 2172 nos

546 2213 590 2249 et
624 2207 659 2249 si
693 2220 806 2260 quae
840 2211 942 2247 sunt
972 2205 1138 2246 leviora
1178 2204 1222 2244 in
1263 2204 1349 2245 illis
1390 2203 1667 2245 incommoda
1710 2219 1797 2245 non
1840 2205 2102 2247 coniecturis
2135 2204 2356 2248 domanda
2387 2205 2660 2259 arbitramur,

548 2282 626 2327 sed
672 2282 828 2338 culpae
877 2280 1031 2322 damus
1076 2280 1304 2336 scriptori,
1345 2280 1418 2335 qui
1459 2294 1557 2322 cum
1599 2279 1852 2322 Maternum
1892 2280 1936 2321 in
1981 2286 2168 2337 utroque
2207 2296 2370 2338 genere
2407 2281 2660 2339 tragoediae

549 2359 799 2402 elaborasse
833 2356 1044 2413 exemplis
1076 2355 1301 2398 declarare
1334 2370 1501 2412 parque
1534 2355 1629 2412 pari
1663 2370 1803 2412 aequa
1834 2355 1960 2399 lance
1992 2356 2262 2416 respondere
2302 2357 2449 2412 vellet,
2488 2363 2662 2402 senten-

548 2435 707 2477 tiarum
756 2434 1068 2476 necessitatem
1116 2448 1269 2488 parum
1318 2433 1486 2474 curavit
1526 2447 1608 2474 nec
1647 2433 1754 2474 illud
1796 2434 1902 2475 satis
1947 2435 2133 2478 attendit
2170 2435 2276 2492 quid
2323 2449 2467 2477 sermo
2512 2435 2660 2478 nativo

547 2511 725 2554 flumine
756 2510 910 2552 labens
942 2514 1150 2566 posceret
1180 2516 1256 2550 aut
1287 2510 1429 2550 ferret.

751 2586 821 2629 Ne
852 2586 928 2628 illa
960 2585 1136 2642 quidem
1167 2585 1304 2628 verba
1335 2601 1538 2643 magnam
1579 2586 1667 2629 stili
1708 2593 1783 2628 aut
1824 2586 2092 2644 diligentiam
2126 2592 2202 2629 aut
2233 2587 2435 2643 peritiam
2468 2588 2661 2645 produnt

548 2662 708 2719 quibus
740 2662 864 2718 Aper
895 2677 1018 2705 suam
1050 2661 1241 2704 Materni
1273 2662 1600 2704 accusationem
1632 2662 1801 2704 orditur
1833 2677 1869 2704 c.
1895 2664 1937 2714 5,
1963 2664 2030 2705 1·2.

669 2738 730 2781 Et
748 2753 820 2794 eqo
842 2740 965 2790 enim,
989 2746 1198 2794 quatenus
1218 2738 1426 2779 arbitrum
1450 2739 1537 2779 litis
1568 2738 1694 2779 liuius
1724 2739 1960 2781 invenimus
1983 2740 2185 2794 (inveniri
2204 2739 2323 2783 libri:
2348 2741 2403 2782 cf.
2421 2742 2463 2792 4,
2482 2742 2546 2796 7),
2577 2756 2662 2784 non

661 2815 816 2871 patiar
835 2814 1083 2856 Maternum
1108 2815 1300 2855 societate
1318 2814 1511 2870 plurium
1532 2813 1714 2868 defendi,
1746 2815 1818 2857 sed
1847 2816 1985 2871 ipsum
2015 2816 2151 2858 solum
2180 2817 2304 2873 apud
2331 2830 2401 2858 vos
2433 2818 2519 2874 (eos
2540 2816 2660 2874 libri)

670 2905 876 2947 arquam,
920 2891 1033 2946 quod
1070 2898 1199 2931 natus
1237 2891 1299 2931 ad
1337 2891 1613 2945 eloquentiam
1645 2892 1806 2932 virilem
1838 2900 1878 2932 et
1906 2893 2138 2933 oratoriam
2167 2907 2255 2949 qua
2280 2906 2437 2950 parere
2466 2895 2595 2936 simul
2623 2902 2665 2937 et

669 2968 779 3008 tueri
808 2968 1036 3018 amicitias,
1077 2968 1275 3008 asciscere
1306 2967 1645 3018 necessitudines,
1685 2969 1899 3024 complecti
1920 2970 2167 3024 prov-incias
2190 2971 2351 3025 possit,
2392 2971 2547 3012 omittit
2575 2979 2662 3013 stu-

673 3043 807 3096 dium,
839 3057 920 3099 quo
950 3057 1036 3085 non
1067 3043 1193 3084 aliud
1222 3044 1268 3084 in
1299 3043 1464 3084 civitate
1494 3051 1637 3084 nostra
1670 3044 1735 3085 vel
1760 3045 1821 3085 ad
1841 3045 2067 3086 utilitatem
2077 3044 2346 3097 fructuosius
2379 3046 2466 3102 [vel
2498 3045 2553 3088 ad
2585 3062 2662 3089 vo-

665 3118 880 3175 luptatem
913 3117 1167 3176 iucundius]
1209 3119 1273 3161 vel
1312 3119 1372 3161 ad
1410 3119 1658 3175 diqnitatem
1697 3104 1882 3177 aniplius
1922 3122 1986 3164 vel
2015 3122 2076 3164 ad
2105 3121 2221 3165 urbis
2250 3120 2412 3171 famam
2436 3123 2661 3180 pulchrius

665 3196 730 3238 vel
759 3197 819 3238 ad
852 3197 975 3239 totius
1007 3197 1179 3252 imperii
1207 3203 1335 3252 atque
1366 3197 1552 3238 omnium
1579 3198 1769 3253 qentium
1802 3199 1994 3240 notitiam
2024 3197 2236 3240 illustrius
2266 3200 2497 3254 excoqitari
2512 3208 2658 3257 potest.
